3059 5084
1218 557 1301 573 ....
1342 528 1410 589 11
1457 559 1540 573 ..-

403 666 710 734 rusticos
773 682 1156 765 'sermones
1219 664 1559 757 irrumpit
1578 712 1598 749 ,
1664 658 1819 731 haec
1876 660 2023 733 sola
2088 659 2377 758 subjicit

404 791 636 859 Varro
665 812 681 853 ε
713 814 748 852 ιι
773 782 1296 859 Descendimus
1321 782 1412 855 de
1435 782 1616 875 aede,
1648 798 1722 855 et
1742 782 1835 855 de
1859 807 2027 857 casu
2052 784 2373 857 humano

404 914 632 1008 magis
662 922 1072 1007 querenteS,
1103 932 1326 1006 quam
1367 906 1804 981 admirantes
1839 906 1909 979 id
1942 913 2191 980 Romae
2228 906 2377 979 fac-

406 1048 586 1122 tum,
621 1030 1056 1106 discedimus
1089 1055 1358 1103 omnes.
1399 1060 1434 1099 n
1479 1036 1639 1103 Hoc
1670 1028 1985 1103 discessu
2018 1029 2379 1105 enodatur

406 1157 762 1257 dialoguS,
791 1181 875 1229 ac
910 1154 1124 1228 simul
1148 1160 1426 1255 primus
1455 1154 1665 1244 liber,
1690 1158 1820 1251 qui
1848 1179 1983 1255 pro
2012 1158 2379 1254 scriptoris

327 1312 356 1361 ·.
406 1280 852 1382 professione
887 1285 1160 1369 omnia,
1207 1304 1370 1378 quae
1411 1278 1507 1351 ad
1540 1294 1749 1351 terrae
1792 1278 1989 1351 cultu
2000 1303 2152 1351 ram
2182 1302 2379 1378 spec·

404 1420 586 1495 tant,
625 1395 972 1477 tractavit.

505 1533 854 1623 Quaenam
909 1554 1080 1601 vero
1123 1544 1231 1601 est
1284 1527 1631 1601 deformis
1673 1530 1801 1600 ista
1848 1543 1921 1601 et
1964 1533 2381 1627 importuna

408 1652 752 1752 colloquii
800 1651 1213 1725 conclusio?
1255 1650 1451 1757 Quid
1489 1652 1651 1723 vult
1694 1649 1787 1723 ad
1807 1655 1987 1723 Rem
2015 1656 2378 1724 Rusticam

407 1777 530 1850 ille
560 1777 894 1869 libertus,
931 1778 1052 1849 ille
1087 1776 1420 1867 aedituuS,
1453 1782 1759 1874 quinon
1793 1777 1891 1849 ob
1924 1776 2121 1849 aliud
2154 1800 2377 1876 appa-

321 1912 326 1918 “
410 1916 546 1993 ret,
599 1926 822 1998 quam
865 1915 950 1973 ut
994 1926 1373 2001 percussus
1419 1899 1714 1973 cultello
1760 1899 2135 1973 concidat?
2184 1900 2381 1973 Infra
2501 1892 2505 1897 ’

411 2025 565 2097 haec
593 2040 806 2098 erunt
849 2025 1210 2124 agitanda,
1257 2050 1420 2123 quae
1461 2024 1583 2099 hic
1622 2031 1791 2099 satis
1830 2041 1938 2099 est
1968 2024 2205 2099 obiter
2242 2051 2377 2098 no·

413 2160 627 2239 tasse3
659 2161 736 2220 at
756 2173 949 2220 nunc
987 2172 1390 2247 pergamus

1338 2634 1459 2701 IV.

505 2957 724 3030 Liber
763 2956 1124 3031 secundus
1161 2962 1307 3057 agit
1348 2955 1441 3030 de
1481 2983 1561 3029 re
1599 2962 1959 3058 pecuaria,
1994 2972 2090 3047 et,
2123 2972 2207 3028 ut
2235 2964 2383 3057 pri·-

411 3106 574 3153 mus
622 3078 1114 3182 praefationem
1160 3079 1404 3171 habet,
1458 3084 1535 3152 in
1578 3105 1725 3178 qua
1758 3078 2214 3152 celebrantur
2256 3107 2377 3152 ve·

309 3234 312 3238 ·
413 3218 596 3275 teres
613 3210 917 3278 Romani
939 3211 1067 3303 qui
1086 3210 1306 3278 vitam
1326 3209 1663 3277 rusticam
1683 3203 2063 3302 degebant.
2093 3234 2128 3269 «
2151 3206 2383 3296 Nunc,

411 3332 511 3398 ait
529 3331 793 3419 Varro,
828 3334 1015 3401 intra
1047 3353 1340 3400 murum
1369 3327 1516 3400 fere
1542 3343 1779 3425 patres
1795 3325 2080 3398 familiae
2104 3352 2391 3427 correp-

411 3465 659 3521 serunt
706 3448 970 3521 relictis
1014 3449 1191 3521 falce
1235 3465 1306 3522 et
1356 3465 1633 3539 aratro,
1688 3464 1758 3521 et
1805 3475 2059 3522 manus
2094 3476 2385 3522 movere

412 3572 823 3645 maluerunt
852 3577 927 3644 in
958 3574 1244 3646 theatro
1277 3598 1360 3645 ac
1392 3577 1585 3645 circo
1606 3626 1625 3663 ‚
1663 3598 1885 3671 quam
1919 3579 1991 3645 in
2025 3574 2383 3672 segetibus

410 3686 494 3767 ac
524 3699 784 3767 vinetis
808 3708 861 3769 ¹.
910 3726 945 3762 n
981 3700 1115 3767 Hic
1148 3699 1364 3768 etiam
1410 3694 2124 3768 animadvertendum
2158 3710 2265 3767 est
2300 3709 2386 3793 ut

409 3825 642 3893 Varro
688 3845 975 3892 morum
1025 3825 1494 3919 antiquorum
1536 3821 1941 3893 studiosum
1984 3819 2261 3918 ubique
2306 3845 2384 3892 se

487 4067 532 4103 x.
572 4054 752 4111 Varro,
773 4050 835 4102 de
857 4056 920 4105 R.
948 4055 1038 4115 R„
1065 4054 1135 4113 Π,
1171 4069 1217 4103 x.
