3059 5084
1229 550 1310 565 -.
1344 519 1428 582 2⁷
1468 549 1549 565 ..-

409 656 510 724 Ea
531 665 639 724 est
660 675 846 750 pura
877 675 1011 721 ven
1021 664 1236 739 ustaS,
1274 665 1346 722 et
1375 654 1635 722 eximia
1660 648 1897 749 figura
1922 653 2201 747 antiqui
2232 647 2377 721 col-

403 776 666 874 ·loquii.
2080 865 2087 874 .

510 906 550 972 J
551 884 670 974 am
702 925 875 972 vero
907 899 1085 997 quid
1123 897 1252 972 fiet
1296 898 1388 972 de
1420 904 1761 972 Varronis
1798 899 2249 972 sermonibus
2266 953 2287 990 ,
2320 902 2381 972 si

417 1051 542 1098 eos
595 1049 762 1097 cum
817 1024 1194 1125 platonicis
1247 1021 1754 1096 conferamus?
1800 1027 2175 1096 Nescimus
2224 1047 2379 1118 quo

416 1139 628 1247 pacto
653 1150 868 1246 primi
893 1146 1058 1218 libri
1085 1145 1178 1218 de
1200 1150 1305 1219 Re
1319 1149 1609 1218 Rustica
1630 1148 1914 1218 initium
1940 1171 2071 1216 nos
2092 1143 2185 1220 ad
2205 1149 2384 1216 Gor-

419 1275 609 1369 giam
640 1273 1006 1342 ineuntem
1040 1269 1379 1342 retulerit.
1425 1272 1848 1340 Sementivis
1881 1267 2099 1356 feriiS,
2128 1271 2387 1340 Varro-

297 1437 308 1448 ·
417 1399 530 1465 nis
561 1409 838 1465 actores
869 1418 1268 1466 convenere
1295 1447 1314 1482 ,
1354 1399 1525 1490 quia
1560 1392 1653 1464 de
1686 1393 2081 1465 seminibus
2110 1397 2379 1489 agitur:

419 1531 494 1588 et
529 1515 727 1614 apud
770 1516 1141 1588 Platonem
1184 1515 1276 1588 de
1307 1515 1489 1588 festo
1533 1515 1809 1612 aliquid
1850 1515 2143 1602 dicitur;
2180 1509 2385 1612 quod

421 1654 664 1712 autem
703 1637 1006 1710 festum?
1039 1643 1202 1710 Non
1235 1644 1707 1712 sementivum
1748 1663 2043 1737 prorsus
2076 1652 2200 1710 aut
2237 1662 2389 1735 pas-

422 1765 650 1838 torale
673 1818 692 1855 ,
747 1769 867 1836 cui
897 1769 1202 1835 nimium
1231 1780 1478 1863 aperte
1505 1763 1895 1836 alludatur.
1934 1762 2166 1835 Multa
2197 1762 2389 1834 vide-

420 1890 587 1962 licet
605 1905 675 1961 et
704 1887 1038 1987 praeclara
1059 1913 1219 1983 quae
1236 1887 1458 1987 paulo
1478 1903 1641 1960 ante
1655 1893 1958 1987 Gorgias
1976 1890 2308 1986 exposuit
2326 1896 2348 1929 ¹
2363 1939 2382 1976 ,

426 2011 576 2084 haec
620 2001 882 2082 festum
931 2009 1356 2108 significant.
1413 2016 1563 2083 Hac
1612 2036 1753 2082 una
1794 2038 1870 2084 re
1910 2017 2391 2108 inexspectata

415 2136 566 2232 jam
601 2139 674 2204 in
706 2133 920 2208 aliam
961 2138 1327 2231 regionem
1373 2127 1722 2231 colloquii
1767 2150 1837 2206 et
1878 2137 2391 2206 sententiarum

421 2253 624 2326 Plato
649 2279 782 2327 nos
809 2259 1055 2325 evexit.

515 2375 784 2448 AEditui
813 2381 1026 2448 etiam
1054 2382 1254 2448 istius
1286 2379 1821 2447 meminerimus
1841 2429 1861 2467 ,
1907 2401 2125 2473 quem
2153 2381 2385 2448 Varro

420 2506 494 2574 in
514 2502 1120 2602 primumlihrum
1138 2501 1442 2591 induxit,
1470 2525 1619 2571 non
1644 2500 1741 2572 oh
1754 2500 1966 2572 aliam
1993 2525 2144 2572 rem
2166 2525 2385 2596 quam

421 2642 506 2699 ut
537 2625 1052 2712 trucidaretur,
1095 2629 1370 2723 quippe
1411 2623 1857 2695 claudendus
1889 2638 2040 2695 erat
2072 2626 2390 2722 agrarius

422 2775 681 2822 serm0.
715 2754 800 2821 In
820 2725 1282 2847 Protogaram
1302 2747 1501 2820 Plato
1529 2744 1804 2818 inducit
1831 2771 1977 2816 non
2009 2745 2382 2836 aedituum,

353 2922 362 2932 -
422 2871 548 2945 sed
576 2865 1001 2968 janitorem3
1037 2870 1441 2944 collocutor
1473 2885 1716 2942 autem
1741 2868 1859 2942 ille
1882 2875 2216 2968 congruit
2237 2893 2389 2954 om·-

422 2997 597 3066 nino
625 3019 793 3066 cum
812 2998 1131 3066 materia.
1165 2999 1516 3092 Fungitur
1540 3016 1863 3079 munere,
1894 3005 1975 3062 ut
2001 2995 2098 3063 ita
2122 2990 2385 3079 dicam,

423 3123 652 3216 magis
676 3116 890 3190 herili
928 3116 1242 3188 Platonis
1274 3117 1566 3213 janitor,
1600 3139 1825 3212 quam
1851 3115 2194 3187 Varronis
2224 3111 2391 3196 aedi·

427 3257 615 3313 tuus.
650 3239 846 3332 Quid
875 3237 1185 3337 lepidius
1203 3261 1423 3334 quam
1463 3237 1580 3308 illa
1602 3239 1927 3334 janitoris
1962 3232 2386 3326 obluctatiO,

425 3367 554 3460 qui
580 3377 860 3434 amovet
895 3366 1263 3434 Socratem
1300 3375 1372 3432 et
1393 3358 1777 3432 familiares
1796 3359 2233 3432 vestibulum
2266 3357 2394 3430 ob-

425 3483 740 3556 sidentes
765 3538 784 3572 ,
828 3498 913 3555 ut
947 3488 1452 3582 Protagoram,
1488 3485 1827 3580 Hippiam
1880 3495 1975 3552 et.
2003 3479 2390 3552 Prodicum

426 3605 756 3698 audiant;
809 3621 1022 3706 negat
1066 3611 1466 3706 ingressum
1491 3606 1799 3701 janitor,
1839 3610 2012 3702 quia
2038 3604 2393 3704 sophistas

429 3755 554 3804 eos
587 3754 740 3801 esse
775 3732 1129 3802 existimat
1149 3740 1217 3798 ²:
1497 3729 1501 3733 ’
2357 3711 2359 3716 ’

506 3951 556 3984 ι.
595 3932 722 3984 Plat.
746 3931 946 3998 Gorgias
967 3931 1086 3984 edit.
1111 3931 1198 3984 im.
1226 3931 1378 3984 Bekk.
1409 3931 1508 3984 vol.
1540 3937 1583 3998 Ι,
1612 3938 1739 3998 part.
1766 3946 1827 3992 ιι,
1860 3945 1913 3998 p.
1949 3947 1993 3982 x.

502 4040 556 4076 2.
594 4013 778 4079 Επειδὴ
815 4016 872 4074 δὲ
912 4022 957 4074 ἐν
989 4026 1058 4092 τῷ
1089 4021 1302 4093 προθύρῳ
1339 4020 1588 4094 ἐγενόμεθα
1606 4057 1620 4084 ,
1651 4018 1921 4080 ἐπιστάντες
1947 4019 2055 4092 περί
2100 4035 2221 4077 τινος
2256 4016 2395 4087 λόγου
