3059 5084
1591 546 1663 557 -.
1706 512 1789 577 20
1826 543 1907 558 .-

760 649 954 743 pitus
983 666 1027 713 a
1065 641 1335 732 dextra,
1375 655 1448 714 et
1482 666 1651 714 cum
1684 641 1828 714 lata
1860 638 2281 713 candidatus
2319 657 2562 714 noster
2592 640 2721 713 de-

760 772 1078 865 signatus
1107 762 1328 836 aedilis
1363 788 1438 836 se
1468 768 1545 836 in
1576 764 1839 837 villam.
1862 768 1997 837 Cui
2028 788 2161 835 nos
2193 763 2617 854 occidimuS,
2652 777 2726 835 et

762 887 1098 987 gratulati
1148 890 1225 958 in
1269 885 1710 986 Capitolium
1767 890 2299 986 prosequimur.
2371 885 2500 958 Ille
2557 883 2725 956 inde

669 1012 678 1019 ’
761 1012 1006 1083 eundo
1025 1034 1228 1081 suam
1248 1007 1577 1099 domum,
1603 1034 1739 1101 nos
1760 1023 2113 1082 nostram:
2149 1013 2213 1080 Ο
2238 1014 2441 1081 Pinni
2459 1022 2726 1097 noster,

696 1172 702 1179 ·
761 1158 1163 1207 sermonem
1210 1133 1301 1206 de
1343 1138 1669 1232 pastione
1698 1132 2010 1206 villatica
2042 1136 2454 1205 summatim
2499 1131 2724 1223 hunc,

763 1282 984 1355 quem
1011 1261 1309 1355 exposui
1337 1253 1632 1329 habeto.
1661 1286 1697 1321 n

859 1385 1010 1452 Hac
1041 1384 1342 1451 victoria
1362 1376 1749 1469 candidati,
1788 1383 1907 1450 cui
1928 1391 2207 1451 actores
2250 1376 2601 1475 colloquii
2630 1372 2735 1461 fa?

760 1518 955 1595 vent,
994 1508 1336 1577 Varronis
1353 1510 1618 1595 „tertius
1648 1503 1833 1577 liber
1866 1506 2311 1575 terminatur.

860 1631 950 1699 Et
970 1653 1102 1700 nos
1133 1627 1357 1700 finem
1389 1634 1850 1727 imponamus
1882 1628 2057 1699 huic
2079 1630 2504 1727 expositioni
2522 1624 2733 1698 nohis

767 1751 1063 1848 quidem
1087 1750 1431 1842 breviori,
1455 1758 1722 1825 caeteris
1754 1777 1927 1824 vero
1955 1751 2265 1851 longiori
2296 1749 2613 1823 forsitan.
2644 1754 2737 1821 At

767 1875 875 1946 illi
899 1880 1198 1948 materia
1217 1876 1395 1974 quid
1418 1873 1600 1948 ferat
1630 1875 2082 1948 considerare
2116 1874 2357 1947 velint.
2397 1879 2487 1946 Et
2510 1898 2733 1962 nunc,

767 2006 1140 2095 quoniam,
1187 2005 1322 2070 nisi
1364 2024 1492 2099 spe
1539 1998 1891 2087 fallimur,
1940 2004 2249 2096 quisque
2282 1997 2557 2097 fingere
2598 1996 2738 2068 sibi

765 2137 1024 2221 potest,
1059 2148 1219 2219 quae
1249 2128 1387 2195 sint
1405 2128 1749 2195 Varronis
1772 2121 2164 2221 colloquia,
2195 2127 2361 2220 quis
2392 2144 2737 2221 persona-

769 2270 935 2317 rum
973 2246 1266 2319 habitus
1284 2299 1305 2337 ,
1355 2261 1426 2319 et
1457 2272 1611 2344 quo
1644 2263 1855 2345 pacto
1888 2253 2075 2319 inter
2110 2272 2187 2319 se
2218 2245 2739 2347 philosophen-

771 2381 893 2439 tur
933 2384 1004 2440 et
1048 2370 1411 2465 jocentur,
1462 2373 1737 2443 etiamsi
1785 2375 2240 2469 propositum
2272 2369 2485 2469 plane
2516 2372 2731 2441 rusti·

731 2506 740 2515 '
769 2516 937 2562 cum
966 2492 1303 2583 habeant,
1335 2494 1486 2591 jam
1513 2493 2080 2567 dissertationem
2107 2492 2631 2593 aggrediamur.

1620 2896 1816 3006 ‘vr

867 3236 1048 3325 Quis
1085 3258 1258 3305 vero
1300 3232 1662 3331 inficietur
1703 3249 1867 3333 post
1898 3234 2086 3309 hanc
2120 3261 2474 3328 summam
2509 3234 2600 3308 de
2626 3240 2731 3307 Re

769 3359 1058 3431 Rustica
1079 3355 1437 3430 librorum
1459 3364 2003 3459 expositionem,
2021 3385 2275 3432 eorum
2291 3385 2441 3432 esse
2453 3375 2730 3461 partem

703 3546 708 3551 .
767 3478 1088 3577 aliquam
1137 3506 1300 3579 quae
1339 3508 1502 3554 vere
1565 3482 1886 3554 litterata
1933 3482 2075 3554 dici
2120 3485 2400 3582 possit?
2453 3485 2734 3556 Scilicet

769 3603 1407 3677 animadvertimus
1435 3606 1785 3681 Varronis
1813 3611 2242 3696 orationem,
2287 3630 2483 3678 nunc
2513 3612 2735 3678 sceni-

765 3751 948 3814 cam,
994 3751 1189 3799 nunc
1221 3732 1601 3825 satyricam
1623 3780 1644 3818 ,
1707 3753 1900 3801 nunc
1956 3731 2172 3800 etiam
2234 3729 2734 3829 agricolationi

771 3878 806 3914 α
839 3848 1036 3921 factae
1064 3856 1338 3948 potenti
1365 3854 1679 3923 carmine
1698 3851 1976 3949 Virgilii
2002 3881 2037 3919 n
2074 3867 2160 3924 ut
2177 3855 2279 3924 ait
2302 3850 2727 3943 Columella,

767 3974 1408 4048 accommodatam.
2366 3982 2371 3989 ’
