3059 5084
1596 567 1677 582 ....
1712 535 1798 597 21..
1839 568 1915 580 -.

771 667 1166 766 nophontis
1193 666 1396 740 libris
1433 673 1691 740 eximie
1723 691 2126 766 expressam
2158 672 2587 766 reperimuS,
2628 668 2763 740 sed

771 789 1221 890 splendidior
1247 793 1462 863 etiam
1491 804 1564 863 et
1581 788 1866 889 planior
1888 794 1964 860 in
1985 787 2503 888 philosophicis
2520 788 2766 861 Tullii

769 913 1226 987 sermonibus
1267 927 1586 1014 apparet.
1639 917 1875 1008 Quam
1919 918 2109 984 enim
2146 909 2561 985 admirabili
2594 911 2761 984 elo-

769 1038 1043 1137 quendi
1076 1043 1356 1112 ratione
1382 1053 1508 1111 aut
1525 1037 1691 1136 styli
1717 1035 2084 1111 familiaris
2108 1035 2550 1110 abundantia
2578 1036 2766 1110 Tul-

772 1161 915 1234 lius
937 1167 1130 1234 viros
1158 1166 1472 1259 antiquae
1497 1165 1745 1234 Romae
1764 1176 2135 1250 convocat,
2162 1160 2595 1250 Scoevolam,
2620 1165 2764 1232 Ca-

773 1299 1021 1356 tonem
1041 1338 1060 1372 ‚
1101 1289 1511 1384 Scipionem
1537 1337 1556 1374 ,
1596 1283 1893 1356 Laelium
1910 1337 1929 1374 ,
1962 1289 2423 1357 Hortensium
2458 1298 2532 1354 et
2568 1307 2759 1354 nos-

768 1421 967 1478 trum
1000 1406 1201 1478 hunc
1226 1403 1665 1478 Varronem!
1710 1422 1784 1478 at
1814 1430 1963 1477 non
1994 1405 2265 1477 idcirco
2299 1388 2760 1477 conveniunt

768 1524 848 1597 hi
874 1532 1038 1615 viri,
1065 1542 1151 1599 ut
1165 1533 1350 1599 inter
1367 1552 1442 1600 se
1461 1526 1830 1600 dialectice
1853 1526 2219 1616 dimicent,
2238 1526 2360 1600 sed
2380 1532 2761 1626 praecipue

765 1664 853 1721 ut
883 1648 1206 1747 aliquam
1238 1647 1715 1750 philosophiae
1748 1665 2029 1750 partem
2058 1651 2364 1724 vicissim
2396 1661 2757 1723 tueantur

768 1787 843 1846 et
876 1789 1260 1872 exponant.

866 1897 1075 1969 Unde
1119 1895 1207 1968 fit
1257 1909 1341 1968 ut
1380 1903 1882 1995 unusquisque
1937 1895 2341 1969 collocutor
2383 1895 2755 1969 academi-

765 2045 920 2108 ωε,
973 2023 1264 2107 stoicu5,
1303 2024 1811 2118 peripateticus
1838 2035 1966 2091 aut
1991 2025 2375 2119 epicureus
2402 2019 2545 2092 dici
2579 2043 2754 2120 pos·

767 2149 878 2215 sit.
901 2147 1178 2238 Itaque,
1202 2147 1289 2231 si,
1312 2142 1535 2214 veluti
1554 2149 1809 2243 priori,
1839 2168 1969 2216 sua
1986 2159 2059 2215 et
2074 2143 2181 2215 illi
2200 2143 2471 2242 dialogi
2487 2142 2750 2216 formae

766 2264 1152 2366 appellatio
1180 2264 1648 2355 concedatur,
1676 2274 2072 2339 oratoriam
2104 2293 2264 2341 eam
2292 2267 2637 2342 dicamus,

867 2387 976 2460 Ad
1009 2403 1249 2460 utram
1299 2405 1543 2460 autem
1576 2390 1845 2489 dialogi
1866 2389 2173 2463 formam
2201 2445 2220 2480 ‚
2258 2398 2610 2467 scenicam
2644 2417 2741 2464 an

766 2519 1158 2587 oratoriam
1178 2566 1197 2603 ,
1267 2539 1632 2586 sermones
1696 2519 2038 2587 Varronis
2117 2515 2466 2587 referendi
2534 2513 2746 2587 sunt?

767 2637 1062 2710 Platone
1108 2662 1200 2708 an
1242 2643 1494 2708 Cicero
1543 2663 1668 2710 eos
1708 2637 1847 2711 sibi
1889 2637 2251 2712 vindicare
2291 2638 2550 2712 debet?
2578 2646 2743 2711 Hoc

769 2775 924 2832 erat
967 2757 1597 2834 considerandum.

1683 3185 1835 3255 Vll.

868 3505 1086 3600 Quod
1131 3513 1192 3580 si
1239 3507 1330 3580 ad
1373 3517 1727 3608 prooemia
1768 3511 2123 3610 cujusque
2164 3515 2414 3612 capitis
2450 3511 2742 3581 omnem

769 3637 1197 3704 sententiam
1243 3631 1666 3726 referamuS,
1703 3640 2066 3708 scenicum
2110 3649 2184 3708 et
2226 3633 2318 3707 ad
2359 3633 2742 3706 arbitrium

755 3753 1187 3853 phantasiae
1232 3760 1444 3859 plane
1496 3761 2117 3834 accommodatum
2169 3762 2513 3833 Varronis
2556 3778 2743 3857 opus

769 3873 1143 3954 habeatur.
1197 3882 1457 3955 Libros
1511 3887 1705 3955 enim
1762 3884 2190 3983 exponendo
2243 3881 2743 3956 animadverti·

772 4025 934 4073 mus
954 4027 1106 4099 quo
1125 4007 1344 4104 pacto'
1360 4005 1598 4080 nodus
1616 4005 1960 4106 colloquii
1978 4007 2286 4108 abrupte
2302 4018 2708 4080 necteretur
2715 4026 2738 4094 ;
