3059 5084
1463 496 1468 501 ,
1498 486 1575 499 .-
1616 454 1697 519 ω
1742 487 1817 501 .-

772 587 892 655 IV.
935 582 1375 683 collegimus
1397 608 1483 657 ex
1507 583 1649 676 his,
1675 589 2020 658 Varronis
2048 610 2234 685 opus
2254 584 2405 658 fere
2429 586 2631 667 nullo

661 722 886 811 'pacto
921 716 1277 810 pertinere
1317 710 1408 783 ad
1443 716 1739 811 Augusti
1772 688 2087 801 aetatem,
2133 711 2341 808 cujus
2397 727 2631 785 tamen

671 835 892 908 limen
947 812 1285 936 attigeris.
1355 835 1589 928 Libri,
1621 835 1711 908 de
1772 841 1878 909 Re
1944 842 2271 926 Rustica,
2307 843 2633 934 quamvis

671 962 910 1060 scripti
941 966 1080 1032 sint
1109 974 1270 1059 post
1287 964 1649 1031 Ciceronis
1675 960 1984 1050 obitum,
2014 964 2375 1033 Ciceronis
2398 975 2633 1032 tamen

670 1084 891 1156 veluti
948 1082 1290 1184 praeludia
1351 1082 1668 1155 habendi
1729 1099 1920 1158 sunt.
1983 1087 2315 1180 Denique
2374 1098 2634 1155 metam
2701 1153 2712 1164 ,

671 1208 1064 1309 quamdam
1097 1214 1375 1307 signant
1410 1214 1597 1280 inter
1628 1224 1833 1281 vetus
1862 1209 2264 1282 litterarum
2297 1207 2635 1280 saeculum

674 1346 747 1402 et
790 1357 1082 1405 auream
1147 1332 1344 1405 illam
1397 1347 1706 1423 aetatem,
1756 1339 1827 1404 in
1868 1357 2014 1430 qua
2056 1332 2469 1431 eloquentia
2521 1356 2637 1403 ro-

675 1481 884 1529 mana
960 1456 1299 1530 omnibus
1377 1455 1835 1558 perfectionis
1902 1464 2225 1530 numeris
2302 1457 2639 1531 absoluta

627 1609 629 1611 ·
673 1580 948 1655 floruit.

964 2131 1091 2192 Vidi
1113 2149 1178 2191 ac
1197 2132 1421 2207 perlegi.

743 2278 982 2339 Lutetiae
1026 2279 1400 2348 Parisiorum,
1446 2279 1508 2338 in
1550 2278 1802 2338 Sorbona
1824 2320 1840 2350 ,
1886 2294 1939 2338 a.
1986 2278 2046 2337 d.
2099 2294 2144 2338 x
2196 2278 2309 2339 kal.
2357 2279 2465 2353 Jul.
2504 2294 2639 2337 ann.

673 2392 1067 2439 nuceum-111.

958 2498 1260 2559 Facultatis
1283 2497 1627 2561 Litterarum
1648 2495 1709 2557 in
1726 2498 2022 2559 Academia
2038 2497 2327 2573 parisiensi
2353 2498 2597 2559 decanus
2622 2539 2641 2571 ,

1562 2626 1599 2681 J
1604 2665 1619 2680 .
1657 2624 1827 2682 V1c·r.
1866 2623 1963 2681 LE
1986 2622 2241 2681 CLERC.

965 2924 1133 3001 Typis
1159 2925 1472 2987 mandetur.

1812 3054 2237 3114 noussnLLE
2254 3096 2271 3127 ‚

1702 3178 2028 3237 Studiorum
2044 3184 2353 3270 Inspectum

1035 3274 1395 3349 procurandis
1419 3273 1733 3335 Academiae
1756 3276 2072 3352 parisiensis
2094 3278 2261 3337 rebus
2285 3279 2638 3355 praepositus.

753 3538 871 3594 Has
906 3536 1088 3595 theses
1123 3537 1265 3597 tueri
1303 3556 1370 3599 ac
1403 3540 1711 3599 dilucidare
1744 3542 2036 3601 conabitur
2058 3543 2128 3603 ad
2149 3543 2393 3603 doctoris
2413 3544 2647 3619 gradum

684 3634 1096 3707 promovendus
1123 3638 1187 3695 Α.
1212 3637 1410 3711 Fremy
1435 3637 1494 3697 in
1517 3638 1783 3699 facultate
1803 3639 2112 3701 litterarum
2131 3643 2248 3716 Jam
2272 3643 2610 3703 licenciatuS.
