3059 5084
1175 466 1257 483 ...
1297 438 1374 500 17
1417 468 1492 482 .-

355 572 564 640 Hunc
607 566 946 639 ultimum
996 564 1267 639 librum
1307 570 1543 640 Varro
1590 564 1876 640 dedicat
1906 569 1996 659 Q.
2032 566 2319 659 Plinno,

354 696 485 763 uni
529 716 568 763 e
615 689 1108 779 familiaribUS‚
1158 688 1581 762 recordatus
1620 714 1982 765 sermones
2007 715 2193 789 quos
2229 688 2321 761 de

353 815 523 889 villa
562 814 880 917 perfecta
910 841 1080 890 cum
1114 841 1203 889 eo
1242 816 1518 889 habuit.
1578 814 1719 890 Sed
1761 832 2151 915 antequam
2199 816 2324 888 vil-

355 939 580 1014 laticae
614 947 975 1042 pastiones
1015 955 1510 1041 exponantur,
1548 954 1841 1041 oportet
1883 945 2051 1015 novi
2102 938 2326 1015 collo-

283 1076 286 1079 ’
359 1069 514 1163 quii
541 1071 940 1138 instruatur
965 1090 1202 1157 scena,
1233 1063 1671 1140 inducantur
1702 1080 2015 1157 actores,
2050 1070 2327 1166 quippe

359 1191 435 1258 in
466 1194 823 1261 actionem
846 1191 1206 1261 *scenicam
1235 1194 1448 1261 etiam
1471 1188 1627 1263 h'aec
1643 1213 1827 1262 nova
1850 1203 2205 1289 praecepta
2218 1192 2327 1259 in·

357 1305 789 1381 formantur.

459 1438 710 1531 Itaque
761 1437 840 1504 in
897 1457 1154 1532 campo
1206 1436 1469 1505 Martio
1516 1436 1751 1506 Varro
1810 1435 2057 1533 posuit
2103 1430 2329 1506 collo-

361 1564 644 1656 quium.
681 1555 1093 1630 Secundum
1124 1571 1340 1656 caput
1384 1561 1458 1627 in
1510 1556 1707 1629 hunc
1751 1555 2053 1628 modum
2092 1560 2331 1656 ingre-

361 1680 559 1753 ditur
588 1707 604 1750 :
629 1709 666 1746 <c
693 1682 1016 1751 Comitiis
1049 1676 1363 1751 aediliciis
1383 1732 1403 1769 ,
1447 1703 1617 1751 cum
1660 1678 1811 1751 sole
1844 1676 2051 1752 caldo
2084 1703 2220 1777 ego
2253 1691 2331 1751 et

362 1810 452 1899 Q.
480 1810 694 1878 Axius
721 1820 1006 1877 senator
1034 1803 1318 1877 tribulis
1348 1801 1775 1903 suffragium
1806 1802 2353 1893 tulissemus&

362 1922 776 2020 candidato,
813 1934 932 2001 cui
955 1927 1453 2018 studebamus,
1498 1928 1840 2005 vellemus
1859 1952 2009 2001 esse
2036 1940 2327 2027 praesto,

362 2077 531 2124 cum
577 2051 880 2124 domum
919 2051 1229 2125 rediret:
1263 2056 1480 2125 Axius
1513 2052 1728 2142 mihi,
1777 2050 1957 2125 dum
1989 2050 2329 2136 dirimen-

364 2190 512 2267 tur,
540 2181 807 2275 inquit,
845 2175 1213 2277 suffragia,
1246 2181 1348 2247 vis
1376 2180 1619 2276 potius
1649 2176 1830 2247 villae
1843 2175 2151 2275 publicae
2164 2190 2327 2247 uta·

365 2324 530 2371 mur
556 2298 819 2382 umbra
842 2352 863 2390 ‚
889 2324 1113 2397 quam
1142 2281 1402 2399 privati
1437 2297 1797 2373 candidati
1826 2294 2086 2371 tabella
2119 2297 2329 2370 dimi-

365 2425 558 2500 diata
582 2425 1017 2499 aedificemus
1058 2424 1307 2499 nobis?
1325 2436 1348 2471 ¹
1393 2455 1428 2493 a>
1467 2424 1615 2498 Ubi
1648 2432 1725 2497 in
1756 2424 1996 2500 villam
2028 2439 2327 2497 ventum

365 2542 506 2640 est,
541 2547 833 2622 obviam
865 2554 969 2621 eis
1009 2563 1403 2648 occurrunt
1431 2547 1807 2622 Cornelius
1846 2546 2158 2637 Merula,
2188 2552 2331 2619 Fir-

363 2671 610 2743 cellius
641 2677 854 2761 Pavo,
901 2676 1250 2744 Minutius
1291 2675 1478 2760 Pica,
1518 2684 1592 2742 et
1628 2674 2008 2743 Petronius
2047 2674 2322 2760 Passer,

363 2797 556 2863 tertii
586 2791 756 2864 libri
789 2792 1017 2865 futuri
1051 2792 1530 2864 collocutores
1554 2844 1574 2882 ,
1604 2805 1676 2862 et
1714 2816 2034 2887 quorum
2056 2814 2325 2890 cogno·

361 2919 558 2987 mina
585 2939 780 2987 nunc
811 2940 964 2987 rem
1005 2913 1096 2987 ad
1133 2938 1297 2989 aves
1329 2913 1543 2986 fuisse
1578 2912 1988 2986 translatam
2018 2920 2186 2986 satis
2212 2919 2343 3001 in-¹

361 3034 622 3109 dicant.
651 3040 907 3135 Agitur
938 3022 1186 3109 in'hoc
1207 3036 1398 3109 libro
1431 3035 1523 3109 de
1559 3042 1769 3110 variis
1794 3036 2179 3112 volucrum
2214 3062 2328 3139 ge-

363 3160 660 3233 neribus
686 3186 848 3259 quae
870 3165 945 3231 in
958 3159 1127 3232 villa
1146 3159 1239 3230 ali
1252 3158 1363 3230 vel
1387 3163 1582 3257 pasci
1605 3173 1930 3259 possunt,
1956 3158 2047 3231 de
2066 3158 2326 3253 turdiS,

364 3284 802 3385 pavonibuS,
851 3282 1240 3374 columbis,
1283 3280 1657 3382 leporibus
1678 3334 1699 3374 ,
1754 3283 2155 3375 anseribuS,
2195 3300 2329 3357 etc.

363 3412 448 3479 In
480 3407 809 3482 moribus
845 3408 1196 3504 cujusque
1228 3409 1510 3502 generis
1541 3405 2060 3496 describendis,
2098 3422 2331 3487 osten·

367 3530 476 3603 dit
517 3535 748 3604 Varro
796 3528 1124 3603 eamdem
1169 3527 1360 3601 hanc
1407 3531 1757 3600 sermonis
1804 3528 2331 3627 simplicitatem

367 3668 638 3727 naturae
658 3658 1228 3743 convenientem,
1246 3675 1469 3750 quam
1496 3676 1717 3753 supra
1731 3653 1881 3749 jam
1898 3658 2327 3727 notavimus.
2389 3732 2395 3739 ,

449 3953 495 3990 ι.
531 3942 715 4003 Varro,
737 3934 802 3991 de
819 3940 885 3993 R.
909 3940 1004 4007 R„
1022 3918 1120 4001 111,
1149 3952 1203 3991 a.
