3059 5084
1263 895 1451 963 VIII.

487 1164 686 1238 Adeo
725 1191 874 1237 non
923 1171 1140 1265 igitur
1183 1170 1602 1265 opinionem
1630 1181 1951 1240 nostram
1982 1167 2361 1241 labefactat

389 1289 896 1390 Xenophontis
911 1291 1095 1362 liber
1116 1290 1208 1362 de
1231 1294 1703 1382 OEconomia,
1722 1307 1806 1363 ut
1825 1292 2211 1364 confirmet
2224 1319 2358 1392 po-

390 1421 534 1486 tius
565 1431 636 1488 et
663 1421 961 1487 omnino
987 1415 1298 1487 illustret
1328 1415 1882 1516 discrepantiam
1924 1441 2112 1506 eam,
2138 1441 2361 1514 quam

353 1563 609 1638 supra.
663 1542 1094 1611 notavimus,
1151 1538 1327 1610 Inde
1381 1543 1775 1639 excipimus
1824 1565 2093 1612 novum
2146 1565 2361 1640 argu·-

389 1677 718 1735 mentum
769 1662 860 1734 ad
907 1669 1370 1735 assertionem
1413 1665 1566 1760 jam
1614 1663 2057 1736 adhibitam:
2099 1640 2361 1736 Forma

387 1784 722 1862 videlicet
743 1783 1012 1885 dialogi
1025 1811 1174 1857 non
1195 1785 1502 1858 decebat·
1513 1789 1586 1858 in
1601 1786 1805 1859 libris
1824 1784 2030 1858 deRe
2048 1791 2351 1872 rustica,

387 1905 561 1980 huic
577 1924 648 1981 et
669 1913 1038 2007 scriptoris
1055 1912 1556 2008 propositum,
1574 1914 1815 2009 etipsa
1839 1913 2153 1981 materiae
2174 1911 2361 1981 ratio

389 2031 910 2132 repugnabant.

483 2163 573 2230 At
617 2162 676 2229 si
715 2156 926 2229 nobis
966 2155 1147 2246 illud
1191 2155 1663 2250 concedatur,
1711 2157 1922 2230 liceat
1964 2162 2181 2232 etiam
2216 2181 2354 2229 ser·

386 2307 557 2355 vare
607 2279 1021 2352 incolumen
1087 2295 1160 2352 et
1222 2306 1522 2380 prorsus
1580 2279 2019 2352 laudabilem
2077 2296 2360 2381 partem
2406 2343 2411 2348 .
2508 2279 2511 2286 ’

385 2403 747 2494 librorum
779 2405 1148 2490 Varronis,
1166 2425 1389 2499 quam
1425 2400 1909 2474 methodicam
1948 2401 2259 2473 diximus
2291 2417 2364 2474 et

359 2512 582 2600 'certe
603 2526 816 2597 multi
841 2524 1522 2624 habendam'pretii‚
1554 2551 1701 2597 non
1733 2540 2015 2604 tantum
2048 2524 2136 2619 ad
2171 2530 2361 2624 agri-

391 2651 748 2723 culturam
771 2665 841 2721 et
860 2625 1197 2721 instituta
1222 2655 1722 2722 Romanorum
1746 2649 1874 2722 sed
1904 2655 2118 2723 etiam
2142 2650 2232 2723 ad
2260 2635 2367 2722 lit-

394 2771 600 2848 teras.
625 2775 770 2848 Ubi
791 2779 983 2847 enim
1003 2782 1375 2847 materiam
1398 2777 1842 2876 aggreditur,
1880 2792 1976 2865 et,
2015 2791 2099 2848 ut
2133 2782 2229 2849 ita
2262 2776 2368 2847 di-

393 2923 663 2989 camus,
683 2905 996 2998 propriis
1012 2903 1228 2971 armis
1245 2903 1638 2972 instructus
1662 2879 2179 2999 proditVarrO,
2214 2915 2366 2970 tum
2434 2971 2437 2976 .

390 3020 474 3094 fit
519 3026 851 3121 egregius
900 3028 1244 3121 scriptor,
1295 3037 1365 3094 et
1408 3027 1595 3094 inter
1624 3022 1955 3122 ‘plurima
1992 3027 2367 3093 vetustatis

392 3151 595 3245 signa
639 3171 786 3217 non
821 3145 1046 3218 habet
1082 3161 1352 3232 tamen,
1383 3163 1466 3220 ut
1499 3146 1823 3218 dicamus
1868 3171 2037 3218 cum
2085 3151 2370 3239 Quinti·

297 3320 301 3324 -
391 3269 620 3341 liano:
654 3301 684 3334 «
708 3274 1043 3342 Veterem
1061 3268 1268 3341 illum
1287 3270 1671 3342 horrorem
1689 3270 1975 3342 dicendi
2000 3275 2311 3342 Catonis,
2332 3301 2367 3337 a>

393 3397 558 3467 Non
580 3393 877 3493 negligit
903 3392 1296 3465 admodum
1327 3394 1677 3467 adhibere
1697 3395 2093 3494 quamdam
2112 3420 2367 3467 venus·

395 3513 618 3622 tatem
666 3535 1015 3619 agrestem
1057 3521 1264 3616 cujus
1297 3520 1593 3619 plurimi
1626 3520 1987 3592 librorum
2023 3520 2178 3615 ejus
2223 3519 2366 3594 loci

297 3664 302 3668 ·
393 3645 606 3718 nobis
648 3647 969 3746 exempla
1017 3646 1505 3746 praebuerunt.
1574 3652 1817 3719 Brevis
1868 3662 1974 3720 est
2023 3652 2369 3720 Varronis

395 3794 664 3859 sermo,
703 3767 996 3862 densus,
1032 3775 1396 3842 sententiis
1443 3776 1705 3870 pressis
1744 3754 2003 3870 saepius
2046 3765 2365 3842 inclusus

395 3909 468 3966 et
487 3893 583 3966 ob
604 3919 763 3968 eam
795 3900 1022 3994 ipsam
1049 3919 1336 3968 causam
1357 3894 1885 3987 subobscurus3
1920 3895 2200 3996 periodi
2224 3919 2371 3966 am·

396 4017 642 4120 bages,
685 4020 963 4092 cultum
1007 4020 1553 4092 translationum
1592 4019 1861 4092 fastidit
1891 4035 2021 4095 aut
2050 4026 2383 4120 ignorat;
