3059 5084
1285 474 1366 492 ....
1405 443 1486 508 45
1523 474 1606 490 .-

463 578 858 677 gratissima
891 572 1320 646 lineamenta
1368 575 1713 646 orationis
1760 571 2025 671 gallicae
2058 570 2271 644 nobis
2316 598 2430 645 re-

460 698 726 773 ferunt.
756 703 1012 795 Itaque
1031 702 1090 769 si
1114 723 1260 769 non
1287 698 1572 772 assidua
1595 721 1818 770 manu
1839 698 2181 769 Varronis
2203 696 2429 770 libros

462 822 553 895 de
600 830 707 895 Re
750 824 1039 911 Rustica
1073 846 1468 910 versamuS,
1519 846 1609 893 ne
1660 836 1903 895 tamen
1953 846 2077 893 eos
2128 828 2429 895 omnino

461 938 928 1045 negligamuS,
964 960 1070 1035 et,
1107 960 1192 1017 ut
1227 950 1327 1017 ait
1342 922 1873 1037 Quintilianus:
1904 975 1940 1011 ε(
1974 949 2170 1017 Sicut
2192 970 2432 1027 sacros

460 1084 810 1143 vetustate
859 1070 1088 1163 lucOS,
1131 1068 1545 1160 adoremus,
1591 1075 1667 1141 in
1707 1070 1978 1167 quibus
2018 1070 2314 1170 grandia
2360 1088 2431 1145 et

461 1200 760 1294 antiqua
795 1193 1059 1266 robora
1087 1194 1237 1291 jam
1269 1219 1416 1265 non
1459 1208 1741 1267 tantum
1776 1193 2050 1267 habent
2080 1199 2428 1295 speciem,

455 1332 817 1417 ,quantum
849 1305 1298 1418 religionem.
1333 1348 1368 1385 >2

557 1900 767 1971 Nunc
797 1922 960 1995 quae
983 1913 1151 1971 sunt
1182 1897 1321 1971 hac
1336 1903 1412 1970 in
1434 1898 1925 1973 dissertatione
1957 1922 2227 2000 sparsa,
2256 1923 2434 1997 pau-

461 2024 563 2089 cis
591 2019 832 2093 verbis
863 2015 1583 2122 comprehendamus,

555 2251 612 2320 Ι.
655 2252 1024 2322 Summam
1074 2274 1204 2349 per
1243 2229 1759 2349 expositionem
1810 2251 2049 2349 primo
2092 2247 2427 2322 demons-

461 2376 802 2446 travimus
827 2400 978 2447 non
1015 2390 1298 2447 tantum
1329 2374 1422 2447 ad
1450 2398 1603 2447 rem
1645 2379 2013 2467 rusticam,
2045 2373 2176 2449 sed
2214 2378 2427 2447 etiam

456 2496 547 2574 ad
574 2496 844 2571 litteras
873 2503 1218 2571 Varronis
1255 2497 1482 2571 libros
1515 2501 1902 2598 pertinere.

554 2730 641 2798 Π.
686 2731 1148 2827 Expositione
1179 2744 1424 2803 exacta
1449 2726 1633 2801 duas
1664 2742 1904 2827 partes
1933 2730 2007 2799 in
2044 2752 2266 2828 opere
2296 2752 2429 2800 no-

457 2855 766 2923 tavimus
786 2856 972 2923 inter
990 2876 1064 2923 se
1083 2851 1416 2943 diversaS‚
1437 2877 1657 2924 unam
1669 2905 1688 2942 ‚
1708 2877 1931 2950 quam
1951 2852 2425 2925 methodicam

457 2972 799 3064 diximus,
836 2973 1134 3046 alteram
1181 2977 1536 3047 scenicam
1576 3002 1593 3047 t
1635 2974 1948 3074 probare
1997 2982 2429 3049 tentavimus
2470 2966 2476 2971 ’

457 3095 722 3197 dialogi
763 3095 1074 3177 formam
1121 3124 1269 3170 non
1321 3098 1537 3171 fuisse
1576 3096 2065 3171 adhibendam
2097 3105 2172 3171 in
2205 3124 2426 3199 opere

457 3218 670 3319 plane
706 3219 1138 3294 didascalico
1171 3220 1422 3320 quales
1450 3236 1618 3295 sunt
1641 3220 1811 3296 libri
1843 3220 1937 3294 de
1972 3226 2076 3294 Re
2108 3228 2421 3296 Rustica.

551 3454 672 3521 III.
717 3456 885 3524 Haec
929 3476 1063 3523 nos
1127 3448 1408 3525 induxit
1450 3450 1729 3525 divisio.
1754 3451 1848 3525 ad
1897 3450 2426 3547 conjiciendum

455 3574 800 3647 Varronis
831 3574 1060 3648 libros
1105 3602 1253 3665 non
1296 3576 1555 3649 eodem
1604 3602 1852 3679 omnes
1898 3593 2222 3676 tempore
2264 3582 2427 3648 vitae

457 3704 761 3798 scriptos
818 3698 1067 3791 fuisse3
1125 3698 1524 3771 technicam
1579 3716 1861 3799 partem
1915 3698 2008 3770 ad
2060 3703 2429 3798 scriptoris

455 3822 893 3927 virilitatem,
939 3829 1287 3898 scenicam
1339 3840 1584 3898 autem
1618 3823 1711 3898 ad
1753 3837 2187 3897 senectutem
2236 3840 2428 3897 retu-

455 3943 693 4016 limus.
