3059 5084
1414 548 1489 563 ....
1531 516 1615 582 33
1652 548 1734 564 .-

591 675 741 725 non
771 647 1057 748 placere
1093 647 1270 739 vult,
1306 649 1545 749 placet
1581 664 1847 739 tamen,
1889 664 1961 720 et
1991 654 2144 749 ipsa
2186 654 2556 722 severitate

593 778 801 871 quasi
833 778 1154 845 suasoria
1207 776 1483 845 animos
1535 773 1673 846 sibi
1727 772 2122 874 legentium
2173 774 2523 847 conciliat.

688 903 860 970 Jure
903 901 1118 969 etiam
1154 902 1501 969 miremur
1545 896 1743 969 hunc
1782 902 2136 969 incessum
2170 922 2455 997 gravem
2490 914 2561 970 et

595 1037 874 1095 rectum
907 1024 1272 1121 scriptoris
1318 1046 1449 1120 per
1493 1019 1719 1092 libros
1762 1019 1857 1092 de
1901 1027 2007 1093 Re
2049 1027 2349 1093 rustica.
2386 1026 2563 1114 Quis

594 1159 810 1243 neget
863 1169 1155 1218 omnem
1211 1148 1708 1215 Romanorum
1752 1142 2267 1243 agriculturam
2320 1148 2395 1215 in
2455 1143 2563 1215 his

597 1268 816 1341 fuisse
839 1274 1266 1367 expositam,
1290 1267 1748 1356 elucidatam,
1776 1282 1859 1338 ut
1886 1291 2097 1338 suum
2120 1290 2430 1364 quaeque
2457 1291 2569 1337 or-

597 1392 842 1465 dinem
877 1392 1216 1481 habeant,
1237 1392 1420 1463 nihil
1439 1390 1656 1463 fuerit
1689 1394 2062 1480 omissum,
2090 1390 2373 1461 nullum
2392 1416 2567 1489 prae-

597 1535 890 1619 ceptum
924 1518 1031 1590 vel
1067 1518 1374 1609 humile,
1423 1517 1539 1588 vel
1582 1516 1985 1613 abjectum?
2022 1522 2115 1587 At
2143 1521 2373 1589 Varro
2413 1542 2567 1588 rem
2596 1546 2599 1551 ·

596 1641 872 1714 nullam
926 1656 1206 1713 recusat
1256 1666 1387 1740 per
1449 1639 1916 1712 ambitiosum
1965 1636 2149 1711 illud
2204 1644 2569 1739 scriptoris

599 1763 997 1855 fastidium3
1031 1768 1272 1835 omnia
1305 1762 1514 1853 dicit,
1554 1768 1797 1835 omnia
1830 1761 2297 1851 demonstrat,
2337 1769 2565 1835 conti-

599 1915 750 1962 nuo
796 1895 1112 1961 intentus
1157 1887 1249 1959 ad
1284 1893 1765 1986 propositum,
1804 1892 2147 1959 nimirum
2196 1888 2571 1962 utilitatem

603 2012 972 2111 agricolae,
1015 2029 1087 2083 et
1126 2016 1224 2082 ita
1265 2015 1501 2109 arguit
1528 2016 1875 2109 optimam
1920 2016 2181 2107 ingenii
2206 2013 2569 2101 naturam,

601 2137 1045 2233 firmumque
1069 2133 1455 2231 judicium,
1474 2134 1705 2232 quod,
1730 2133 2131 2224 dummodo
2150 2134 2429 2226 doceat,
2458 2143 2567 2207 ni-

602 2260 708 2332 hil
746 2285 789 2332 a
821 2284 896 2331 se
926 2274 1161 2330 censet
1193 2258 1532 2330 alienum.

703 2390 973 2456 Verum
1002 2370 1192 2466 enim
1227 2384 1433 2479 cujus
1467 2408 1619 2454 esse
1654 2387 1863 2481 pretii
1888 2380 2281 2454 dixerimus
2313 2388 2577 2456 Varro-

605 2514 714 2579 nis
751 2506 977 2579 libros
1015 2506 1290 2577 diverse
1335 2530 1376 2578 a
1437 2505 1647 2578 nobis
1679 2509 2113 2577 examinatos
2136 2559 2153 2594 ‚
2204 2522 2277 2576 et
2314 2512 2579 2605 partim

606 2630 937 2702 videlicet
998 2629 1511 2728 reprehenSOS‚
1580 2636 1839 2729 partim
1902 2646 2142 2701 autem
2204 2630 2581 2702 laudatos?

608 2760 844 2849 Quem
896 2753 1227 2826 ordinem
1271 2760 1457 2825 inter
1495 2769 1818 2825 veterum
1863 2753 2263 2825 litterarum
2312 2779 2578 2825 monu-

620 2892 859 2949 menta
877 2858 1206 2950 obtinere
1225 2862 1593 2949 debeant?
1630 2880 1813 2947 Hinc
1839 2874 2384 2966 concludemus3
2410 2875 2582 2947 hinc

609 3006 805 3072 enim
826 3054 846 3091 ,
881 3016 964 3073 ut
1009 2998 1516 3099 prooemiando
1570 2998 1877 3070 diximus
1900 3052 1919 3088 ,
1976 2997 2316 3097 profecti,
2374 3022 2579 3069 occa-

611 3130 886 3197 sionem
914 3123 1138 3196 libelli
1171 3124 1392 3219 hujus
1418 3128 1762 3222 cepimus,
1810 3126 1955 3214 Qui
1984 3122 2069 3193 fit
2096 3138 2178 3194 ut
2209 3122 2377 3195 libri
2400 3128 2582 3195 Var-

611 3254 834 3338 ronis,
873 3263 1143 3320 tantam
1175 3252 1361 3319 inter
1397 3246 1855 3319 eruditorum
1901 3251 2305 3347 impensam
2337 3252 2581 3319 critice

613 3373 943 3445 nondum
959 3371 1229 3444 fuerint
1247 3372 1650 3444 attrectati?
1681 3375 1787 3443 De
1811 3369 1947 3442 hac
1965 3375 2357 3468 quaestione
2381 3368 2585 3467 quid-

613 3496 794 3596 quid
831 3522 982 3569 esse
1019 3501 1248 3597 possit
1267 3549 1286 3586 ‚
1337 3521 1471 3567 nos
1523 3500 1961 3591 instituimus
2018 3494 2205 3566 hanc
2253 3494 2585 3566 lacunam

613 3621 932 3722 explere,
966 3636 1051 3693 ut
1079 3644 1250 3693 vero
1268 3673 1287 3711 ,
1333 3626 1392 3692 si
1422 3619 1661 3711 liceat,
1694 3625 2194 3718 contingamus
2240 3618 2379 3691 tale
2418 3643 2585 3717 pro-

614 3748 960 3845 positum,
996 3742 1222 3815 libros
1253 3748 1446 3842 ipsos
1477 3768 1570 3815 ne
1607 3740 2045 3815 deseramuS.

710 3874 906 3959 Jam,
950 3881 1033 3938 ut
1085 3891 1302 3965 supra
1341 3865 1689 3957 diximuS,
1718 3880 2131 3965 provectus
2178 3870 2381 3937 annis
2434 3878 2589 3937 erat

618 3997 878 4084 Varro,
901 4018 1131 4090 quum
1157 3990 1247 4063 de
1269 3997 1372 4063 Re
1391 3996 1683 4065 Rustica
1708 3990 2087 4063 scribebat.
2108 3988 2378 4065 Redeat
2396 4013 2591 4061 nunc
