3059 5084
1259 583 1335 612 ,-
1373 552 1457 614 25
1495 581 1577 596 -

407 710 414 716 ·
433 680 962 757 collocutorum
989 679 1294 752 vidimus
1306 681 1504 754 hunc
1523 679 1883 754 dicentem
1907 697 2034 755 aut
2054 683 2404 773 silentem,

433 807 640 880 illum
672 813 1056 880 intrantem
1076 821 1203 878 aut
1223 821 1627 897 exeuntem,
1663 805 1865 879 nullo
1890 809 2256 905 scriptoris
2276 809 2406 876 mi-

434 936 760 1022 nisterio,
797 955 1079 1004 scenam
1113 929 1411 1002 demum
1451 934 1839 1030 inopinatis
1866 929 2239 1003 eventibus
2280 929 2405 1002 ab·

435 1054 744 1128 solutam
771 1053 1106 1126 demirati
1139 1079 1410 1126 sumus.

533 1182 868 1252 Scenicus
900 1156 1121 1278 igitur
1150 1192 1258 1250 est
1290 1183 1519 1250 Varro
1538 1178 1569 1248 Ξ)
1588 1217 1689 1233 -
1707 1175 1923 1248 Haud
1949 1181 2051 1248 ita
2082 1179 2401 1247 omnino.

409 1301 728 1400 ⁴Quippe
780 1303 856 1371 in
898 1300 1034 1378 hac
1081 1299 1431 1398 colloquii
1473 1299 1774 1400 fugitiva
1813 1300 2212 1373 mobilitate
2257 1325 2405 1370 non

433 1400 584 1495 diu·
608 1447 950 1522 personas
992 1428 1381 1495 constituit.
1416 1422 1563 1495 Ubi
1595 1423 1761 1494 libri
1803 1423 2103 1520 alicujus
2130 1437 2260 1494 aut
2292 1446 2405 1494 ca·

436 1551 605 1647 pitis
649 1551 945 1618 initium
989 1547 1276 1620 dicendi
1316 1563 1647 1620 exactum
1692 1563 1798 1620 est
1822 1601 1841 1638 ,
1889 1553 1965 1619 in
2011 1553 2255 1621 omnia
2292 1568 2420 1618 res

438 1677 703 1744 rustica
734 1671 1108 1744 confestim
1155 1671 1453 1762 invadit,
1484 1696 1619 1742 nec
1660 1671 2182 1769 colloquuntur
2220 1677 2408 1744 inter

435 1819 588 1866 sese
621 1796 896 1867 actores
927 1821 1065 1894 pro
1113 1819 1444 1894 persona,
1484 1819 1621 1893 pro
1668 1818 1904 1885 scena,
1938 1794 2064 1866 sed
2100 1810 2407 1867 tantum-

369 1927 374 1936 ’
435 1917 656 1990 modo
691 1943 824 2018 pro
857 1923 961 1990 Re
993 1923 1307 1991 Rustica.
1345 1921 1550 1990 Unus
1584 1918 1756 1990 dicit
1788 1934 1859 1990 et
1894 1919 2074 1990 alter
2106 1945 2401 2018 respon-

434 2039 560 2112 det
580 2056 799 2140 prout
821 2039 910 2113 de
934 2041 1354 2132 seminibus,
1389 2040 1816 2140 pecudibuS,
1840 2042 2235 2140 leporariis,
2263 2047 2404 2140 pis·

435 2172 610 2238 cinis
645 2181 772 2239 aut
811 2166 1347 2258 ornithonibus,
1391 2173 1649 2267 agitur.
1694 2173 1837 2260 Qui
1870 2193 2044 2239 vero
2077 2173 2401 2240 scenicus

431 2315 670 2388 usque
703 2289 794 2362 ad
822 2295 1367 2376 inconstantiam
1398 2305 1550 2362 erat
1580 2313 1847 2378 serm0,
1876 2290 2027 2385 jam
2059 2289 2143 2360 fit
2167 2315 2403 2385 usque

433 2412 527 2506 ad
547 2411 948 2484 ariditatem
971 2411 1466 2502 didascalicus,
1501 2427 1573 2482 et
1588 2437 1723 2510 pro
1752 2410 1879 2482 illo
1898 2417 2226 2487 Varrone
2251 2411 2401 2484 fere

433 2535 824 2621 Platonico,
843 2559 1064 2632 quem
1085 2534 1484 2634 primordia
1501 2534 1860 2606 librorum
1895 2538 2397 2633 promiserant,

435 2658 639 2732 adest
667 2659 848 2730 nihil
895 2659 1203 2758 amplius
1238 2684 1459 2756 quam
1500 2663 1735 2756 gravis
1766 2673 1836 2730 et
1870 2657 2192 2756 locuples
2218 2661 2403 2755 agri·

437 2780 636 2872 cola,
685 2781 1032 2881 Apuleius
1074 2794 1148 2854 et
1195 2785 1577 2870 ReatinuS,
1630 2783 1927 2852 maritus
1972 2778 2355 2850 Fundaniae
2379 2831 2399 2870 ,

437 2930 585 2978 non
624 2905 718 2978 ad
760 2906 972 2980 aliam
1005 2933 1157 2980 rem
1205 2932 1426 3003 quam
1469 2904 1563 2978 ad
1596 2903 1905 2978 fundum
1952 2906 2404 3004 conjugalem

415 3030 890 3119 fructuosum
901 3031 1332 3123 faciendum
1369 3034 1684 3101 intentus
1710 3039 1764 3103 ¹.

402 3154 408 3160 ’
536 3159 694 3226 Istae
738 3159 958 3253 igitur
997 3171 1264 3254 partes»,
1295 3168 1382 3226 ut
1414 3159 1900 3252 agnoscimuS,
1948 3179 2247 3254 prorsus
2287 3153 2400 3227 di-

436 3302 654 3350 versae
687 3283 878 3350 inter
908 3303 984 3350 se
1023 3292 1095 3351 et
1136 3277 1433 3350 forsitan
1466 3277 1945 3351 dissociabiles
1976 3285 2050 3350 in
2080 3277 2283 3350 libris
2315 3278 2406 3351 de

440 3407 545 3473 Re·
566 3406 859 3473 Rustica
877 3400 1262 3474 luctantur.
1292 3406 1379 3473 Et
1405 3427 1495 3473 ex
1520 3425 1609 3473 eo
1632 3405 1839 3498 quasi
1861 3406 2177 3502 ingenito
2199 3407 2407 3493 vitio,

395 3539 408 3547 ”
440 3537 677 3596 totum
723 3549 908 3623 opus
942 3523 1217 3620 aliquid
1266 3527 1518 3596 incerti
1558 3539 1631 3595 et
1665 3523 1849 3597 male
1888 3523 2206 3595 inchoati
2240 3547 2412 3595 con-

441 3650 679 3718 traxit.
729 3649 983 3743 Neque
1029 3647 1170 3718 hoc
1207 3647 1518 3745 duplicis
1550 3649 1861 3718 materiae
1908 3651 2156 3716 vitium
2197 3645 2410 3744 plane

440 3775 727 3841 vincere
774 3775 1016 3868 potuit
1055 3775 1397 3844 Varronis
1445 3776 1850 3870 ingenium,
1903 3795 2037 3841 nec
2072 3769 2412 3842 doctrinae

522 4073 566 4116 ὲ.
605 4025 785 4128 Varro,
815 4063 877 4114 de
897 4067 960 4116 R.
982 4069 1143 4127 R.,-1,
1175 4081 1224 4127 1,
