3059 5084
1525 505 1609 524 -.
1649 473 1729 542 16
1768 507 1848 523 .-

699 620 1029 704 agentes,
1062 617 1139 678 et
1166 627 1304 704 pro
1337 627 1466 677 sua
1499 629 1869 704 quamque
1900 605 2168 704 ingenii
2190 597 2527 678 facultate
2550 603 2678 700 jo-

702 743 944 806 cantes
975 727 1282 817 induxit.

707 909 711 914 -
797 853 1194 938 Conclusio,
1209 853 1504 930 secundi
1530 853 1701 926 libri
1725 867 2097 953 tamquam
2124 858 2338 954 primi
2354 852 2680 928 habetur

697 1003 828 1078 per
847 983 1410 1077 inexspectatum
1425 976 1802 1075 cujusdam
1817 977 2134 1050 libertini
2159 982 2675 1050 interventum.

696 1103 1054 1194 Vitellius,
1090 1127 1282 1176 unus
1319 1128 1364 1176 e
1399 1103 1995 1196 collocutoribus‚
2034 1103 2261 1186 habet
2287 1103 2669 1196 libertum,

695 1231 827 1326 qui
845 1281 865 1320 ,
909 1234 985 1302 in
1017 1228 1294 1302 Urbem
1333 1234 1629 1301 veniens
1650 1281 1673 1320 ,
1720 1228 2015 1301 divertit
2055 1227 2149 1303 ad
2200 1242 2665 1302 conventum.

699 1381 734 1416 α
761 1355 851 1422 Et
879 1376 1018 1452 ego
1047 1349 1142 1424 ad
1180 1365 1251 1423 te
1284 1354 1543 1424 missus
1558 1404 1578 1443 ,
1623 1355 1861 1449 inquit
1877 1404 1897 1443 ,
1947 1349 2141 1425 ibam
2172 1364 2533 1451 rogatum,
2570 1375 2675 1422 ne

691 1473 887 1546 diem
929 1474 1192 1548 festum
1246 1472 1513 1548 faceres
1561 1473 1977 1548 breviorem
2020 1488 2095 1572 et
2136 1489 2419 1547 mature
2459 1478 2666 1546 veni-

689 1621 806 1668 res
826 1606 877 1668 ¹.
907 1627 942 1664 n
993 1601 1174 1690 Quae
1219 1612 1607 1697 postquam
1650 1596 2041 1671 audierunt
2088 1622 2411 1696 personae
2430 1650 2450 1689 ,
2494 1621 2666 1678 con·-

691 1717 928 1792 festim
959 1718 1362 1812 discedunt,
1406 1721 1683 1794 nullam
1714 1727 1905 1794 inter
1942 1745 2093 1793 sese
2123 1721 2238 1794 vel
2270 1725 2665 1821 speciosam

690 1843 1042 1918 discessus
1070 1869 1363 1918 causam
1395 1843 1823 1918 adhibentes
1841 1898 1861 1936 ,
1892 1859 1966 1917 et
1997 1844 2223 1918 lector
2254 1897 2273 1934 ‚
2314 1860 2661 1943 tanquam

691 1972 768 2038 in
799 1967 946 2040 fine
985 1970 1202 2067 primi
1229 1967 1432 2059 libri,
1459 1981 1704 2040 manet
1732 1965 2076 2067 deceptus
2102 2018 2123 2056 ,
2168 1965 2453 2066 inhians
2472 2019 2493 2055 ,
2533 1989 2665 2048 nec

686 2105 926 2190 potest
975 2091 1356 2188 abruptam
1393 2090 1589 2164 illam
1648 2089 1907 2188 agendi
1945 2105 2019 2161 et
2079 2113 2263 2188 pene
2314 2093 2661 2186 magicam

687 2222 1037 2289 rationem
1059 2241 1208 2289 non
1239 2240 1408 2289 cum
1433 2218 1606 2314 aegri
1622 2220 1935 2308 somniis
1962 2211 2314 2286 conferre.
2340 2216 2663 2286 Nimium

690 2347 883 2412 enim
912 2355 1108 2442 patet
1128 2339 1616 2414 claudendum
1633 2338 1850 2411 fuisse
1868 2353 2301 2426 sermonem,
2326 2351 2400 2409 et
2419 2333 2661 2408 dimit-

689 2462 946 2539 tendos
974 2479 1252 2539 actores
1275 2489 1422 2537 non
1453 2463 1669 2539 aliam
1702 2462 1801 2534 ob
1840 2485 2125 2534 causam
2143 2514 2163 2553 ,
2200 2484 2423 2559 quam
2457 2455 2663 2556 quod

687 2594 920 2664 Varro
950 2615 1101 2662 rem
1123 2594 1533 2690 pecuariam
1554 2586 2021 2660 exhausisset.

1628 3057 1715 3121 V.

779 3367 1057 3437 Tertius
1090 3360 1275 3434 liber
1313 3359 1662 3434 villaticas
1686 3360 2047 3457 pastiones
2079 3367 2364 3439 tractat,
2414 3365 2489 3423 et
2502 3403 2525 3442 ,
2569 3363 2657 3421 ut

687 3495 949 3580 caeteri,
986 3491 1270 3560 initium
1315 3491 1535 3558 sumit
1574 3509 1619 3557 a
1647 3483 2125 3582 digressione,
2177 3485 2251 3549 in
2302 3500 2452 3574 qua
2488 3479 2652 3547 vitae

689 3621 966 3687 rusticae
989 3610 1385 3715 primordia
1405 3617 1668 3682 iterum
1690 3621 2169 3709 exponuntur,
2204 3617 2277 3674 et
2305 3607 2424 3674 cui
2443 3599 2655 3671 histo·

687 3742 840 3810 rica
891 3751 966 3808 et
1007 3734 1486 3833 etymologica
1546 3753 2010 3832 nequaquam
2066 3725 2268 3800 deest
2312 3721 2647 3800 eruditio.

762 4025 810 4060 x.
848 4009 1024 4069 Varro,
1044 4005 1108 4057 de
1131 4007 1198 4057 R.
1223 4007 1310 4066 R..
1335 4005 1401 4062 11,
1443 4018 1522 4052 n.
