<?xml version="1.0" encoding="UTF-8"?>
<!DOCTYPE html PUBLIC "-//W3C//DTD XHTML 1.0 Transitional//EN"
    "http://www.w3.org/TR/xhtml1/DTD/xhtml1-transitional.dtd">
<html xmlns="http://www.w3.org/1999/xhtml" xml:lang="en" lang="en">
 <head>
  <title>
</title>
<meta http-equiv="Content-Type" content="text/html;charset=utf-8" />
  <meta name='ocr-system' content='tesseract 3.04.00' />
  <meta name='ocr-capabilities' content='ocr_page ocr_carea ocr_par ocr_line ocrx_word'/>
</head>
<body>
  <div class='ocr_page' id='page_1' title='image "./quidinlibrismte00frgoog_0038.png"; bbox 0 0 3059 5084; ppageno 0'>
   <div class='ocr_carea' id='block_1_1' title="bbox 579 508 2741 3817">
    <p class='ocr_par' dir='ltr' id='par_1_1' title="bbox 1483 508 1806 572">
     <span class='ocr_line' id='line_1_1' title="bbox 1483 508 1806 572; baseline -0.006 -15"><span class='ocrx_word' id='word_1_1' title='bbox 1483 540 1564 557; x_wconf 89' lang='grc'><strong>..-</strong></span> <span class='ocrx_word' id='word_1_2' title='bbox 1602 508 1686 572; x_wconf 71' lang='lat'><strong>26</strong></span> <span class='ocrx_word' id='word_1_3' title='bbox 1726 540 1806 555; x_wconf 83' lang='grc'><strong>.-</strong></span> 
     </span>
    </p>

    <p class='ocr_par' dir='ltr' id='par_1_2' title="bbox 661 610 2627 857">
     <span class='ocr_line' id='line_1_2' title="bbox 661 610 2627 735; baseline 0.001 -27"><span class='ocrx_word' id='word_1_4' title='bbox 661 642 897 734; x_wconf 86' lang='lat' dir='ltr'><strong>copia,</strong></span> <span class='ocrx_word' id='word_1_5' title='bbox 933 658 1070 707; x_wconf 87' lang='lat' dir='ltr'><strong>nec</strong></span> <span class='ocrx_word' id='word_1_6' title='bbox 1122 636 1242 707; x_wconf 87' lang='lat' dir='ltr'><strong>illa</strong></span> <span class='ocrx_word' id='word_1_7' title='bbox 1291 641 1641 709; x_wconf 89' lang='lat' dir='ltr'><strong>sermonis</strong></span> <span class='ocrx_word' id='word_1_8' title='bbox 1690 643 1987 735; x_wconf 84' lang='lat' dir='ltr'><strong>agrestis</strong></span> <span class='ocrx_word' id='word_1_9' title='bbox 2020 610 2398 728; x_wconf 42' lang='lat' dir='ltr'><strong>‘venustam</strong></span> <span class='ocrx_word' id='word_1_10' title='bbox 2422 638 2627 735; x_wconf 88' lang='lat' dir='ltr'><strong>cujus</strong></span> 
     </span>
     <span class='ocr_line' id='line_1_3' title="bbox 665 757 2622 857; baseline 0.001 -28"><span class='ocrx_word' id='word_1_11' title='bbox 665 757 977 857; x_wconf 87' lang='lat' dir='ltr'><strong>plurima</strong></span> <span class='ocrx_word' id='word_1_12' title='bbox 995 758 1317 857; x_wconf 85' lang='lat' dir='ltr'><strong>exempla</strong></span> <span class='ocrx_word' id='word_1_13' title='bbox 1345 766 1846 857; x_wconf 85' lang='lat' dir='ltr'><strong>unusquisque</strong></span> <span class='ocrx_word' id='word_1_14' title='bbox 1867 758 2047 833; x_wconf 89' lang='lat' dir='ltr'><strong>liber</strong></span> <span class='ocrx_word' id='word_1_15' title='bbox 2074 761 2283 833; x_wconf 90' lang='lat' dir='ltr'><strong>nobis</strong></span> <span class='ocrx_word' id='word_1_16' title='bbox 2316 759 2622 833; x_wconf 82' lang='lat' dir='ltr'><strong>suffecit.</strong></span> 
     </span>
    </p>

    <p class='ocr_par' dir='ltr' id='par_1_3' title="bbox 579 876 2731 1598">
     <span class='ocr_line' id='line_1_4' title="bbox 763 876 2633 980; baseline 0 -29"><span class='ocrx_word' id='word_1_17' title='bbox 763 878 940 951; x_wconf 90' lang='lat' dir='ltr'><strong>Inde</strong></span> <span class='ocrx_word' id='word_1_18' title='bbox 977 894 1221 951; x_wconf 89' lang='lat' dir='ltr'><strong>autem</strong></span> <span class='ocrx_word' id='word_1_19' title='bbox 1245 876 1543 953; x_wconf 77' lang='lat' dir='ltr'><strong>facilius</strong></span> <span class='ocrx_word' id='word_1_20' title='bbox 1592 881 2122 980; x_wconf 83' lang='lat' dir='ltr'><strong>separabimus,</strong></span> <span class='ocrx_word' id='word_1_21' title='bbox 2178 886 2251 952; x_wconf 91' lang='lat' dir='ltr'><strong>in</strong></span> <span class='ocrx_word' id='word_1_22' title='bbox 2291 886 2633 955; x_wconf 80' lang='lat' dir='ltr'><strong>Varronis</strong></span> 
     </span>
     <span class='ocr_line' id='line_1_5' title="bbox 666 1002 2633 1103; baseline 0 -27"><span class='ocrx_word' id='word_1_23' title='bbox 666 1028 912 1102; x_wconf 87' lang='lat' dir='ltr'><strong>opere,</strong></span> <span class='ocrx_word' id='word_1_24' title='bbox 941 1028 1051 1075; x_wconf 75' lang='lat' dir='ltr'><strong>‚ea</strong></span> <span class='ocrx_word' id='word_1_25' title='bbox 1093 1029 1256 1100; x_wconf 85' lang='lat' dir='ltr'><strong>quae</strong></span> <span class='ocrx_word' id='word_1_26' title='bbox 1304 1002 1398 1075; x_wconf 86' lang='lat' dir='ltr'><strong>ad</strong></span> <span class='ocrx_word' id='word_1_27' title='bbox 1446 1028 1599 1073; x_wconf 84' lang='lat' dir='ltr'><strong>rem</strong></span> <span class='ocrx_word' id='word_1_28' title='bbox 1654 1009 1989 1077; x_wconf 87' lang='lat' dir='ltr'><strong>rusticam</strong></span> <span class='ocrx_word' id='word_1_29' title='bbox 2027 1019 2372 1103; x_wconf 90' lang='lat' dir='ltr'><strong>spectant,</strong></span> <span class='ocrx_word' id='word_1_30' title='bbox 2424 1020 2495 1075; x_wconf 90' lang='lat' dir='ltr'><strong>et</strong></span> <span class='ocrx_word' id='word_1_31' title='bbox 2548 1029 2633 1077; x_wconf 86' lang='lat' dir='ltr'><strong>ea</strong></span> 
     </span>
     <span class='ocr_line' id='line_1_6' title="bbox 667 1126 2624 1225; baseline 0 -28"><span class='ocrx_word' id='word_1_32' title='bbox 667 1152 852 1224; x_wconf 86' lang='lat' dir='ltr'><strong>quae,</strong></span> <span class='ocrx_word' id='word_1_33' title='bbox 885 1131 942 1197; x_wconf 91' lang='lat' dir='ltr'><strong>si</strong></span> <span class='ocrx_word' id='word_1_34' title='bbox 982 1126 1123 1199; x_wconf 86' lang='lat' dir='ltr'><strong>dici</strong></span> <span class='ocrx_word' id='word_1_35' title='bbox 1163 1140 1402 1225; x_wconf 87' lang='lat' dir='ltr'><strong>potest</strong></span> <span class='ocrx_word' id='word_1_36' title='bbox 1424 1179 1444 1215; x_wconf 90' lang='lat'><strong>,</strong></span> <span class='ocrx_word' id='word_1_37' title='bbox 1503 1127 1614 1197; x_wconf 88' lang='lat' dir='ltr'><strong>ad</strong></span> <span class='ocrx_word' id='word_1_38' title='bbox 1646 1152 1799 1197; x_wconf 81' lang='lat' dir='ltr'><strong>rem</strong></span> <span class='ocrx_word' id='word_1_39' title='bbox 1836 1126 2268 1201; x_wconf 79' lang='lat' dir='ltr'><strong>litterariam</strong></span> <span class='ocrx_word' id='word_1_40' title='bbox 2303 1132 2624 1199; x_wconf 76' lang='lat' dir='ltr'><strong>attinent.</strong></span> 
     </span>
     <span class='ocr_line' id='line_1_7' title="bbox 669 1246 2635 1323; baseline -0.002 0"><span class='ocrx_word' id='word_1_41' title='bbox 669 1253 730 1323; x_wconf 86' lang='lat' dir='ltr'>N</span> <span class='ocrx_word' id='word_1_42' title='bbox 736 1274 816 1321; x_wconf 89' lang='lat' dir='ltr'><strong>ec</strong></span> <span class='ocrx_word' id='word_1_43' title='bbox 836 1264 1073 1321; x_wconf 87' lang='lat' dir='ltr'><strong>tamen</strong></span> <span class='ocrx_word' id='word_1_44' title='bbox 1087 1254 1356 1321; x_wconf 89' lang='lat' dir='ltr'><strong>interea</strong></span> <span class='ocrx_word' id='word_1_45' title='bbox 1380 1274 1528 1321; x_wconf 90' lang='lat' dir='ltr'><strong>non</strong></span> <span class='ocrx_word' id='word_1_46' title='bbox 1554 1246 1939 1321; x_wconf 83' lang='lat' dir='ltr'><strong>fatebimur</strong></span> <span class='ocrx_word' id='word_1_47' title='bbox 1961 1255 2174 1321; x_wconf 90' lang='lat' dir='ltr'><strong>nimis</strong></span> <span class='ocrx_word' id='word_1_48' title='bbox 2195 1253 2635 1321; x_wconf 87' lang='lat' dir='ltr'><strong>rusticanum</strong></span> 
     </span>
     <span class='ocr_line' id='line_1_8' title="bbox 669 1371 2634 1471; baseline -0.001 -29"><span class='ocrx_word' id='word_1_49' title='bbox 669 1387 742 1443; x_wconf 90' lang='lat' dir='ltr'><strong>et</strong></span> <span class='ocrx_word' id='word_1_50' title='bbox 759 1371 1198 1469; x_wconf 87' lang='lat' dir='ltr'><strong>quibusdam</strong></span> <span class='ocrx_word' id='word_1_51' title='bbox 1225 1376 1500 1443; x_wconf 86' lang='lat' dir='ltr'><strong>eximiis</strong></span> <span class='ocrx_word' id='word_1_52' title='bbox 1517 1372 1695 1444; x_wconf 92' lang='lat' dir='ltr'><strong>locis</strong></span> <span class='ocrx_word' id='word_1_53' title='bbox 1716 1378 1986 1444; x_wconf 90' lang='lat' dir='ltr'><strong>nonita</strong></span> <span class='ocrx_word' id='word_1_54' title='bbox 2012 1386 2259 1471; x_wconf 83' lang='lat' dir='ltr'><strong>aptum</strong></span> <span class='ocrx_word' id='word_1_55' title='bbox 2292 1375 2634 1445; x_wconf 74' lang='lat' dir='ltr'><strong>Varronis</strong></span> 
     </span>
     <span class='ocr_line' id='line_1_9' title="bbox 579 1481 2627 1598; baseline -0.001 -26"><span class='ocrx_word' id='word_1_56' title='bbox 579 1522 586 1531; x_wconf 87' lang='lat'><strong>·</strong></span> <span class='ocrx_word' id='word_1_57' title='bbox 668 1481 1040 1598; x_wconf 81' lang='lat' dir='ltr'><strong>ingenium</strong></span> <span class='ocrx_word' id='word_1_58' title='bbox 1074 1496 1378 1571; x_wconf 84' lang='lat' dir='ltr'><strong>deficere</strong></span> <span class='ocrx_word' id='word_1_59' title='bbox 1399 1552 1417 1586; x_wconf 88' lang='lat'><strong>,</strong></span> <span class='ocrx_word' id='word_1_60' title='bbox 1455 1523 1685 1595; x_wconf 92' lang='lat' dir='ltr'><strong>quum</strong></span> <span class='ocrx_word' id='word_1_61' title='bbox 1720 1498 1810 1571; x_wconf 87' lang='lat' dir='ltr'><strong>ad</strong></span> <span class='ocrx_word' id='word_1_62' title='bbox 1843 1497 2117 1570; x_wconf 85' lang='lat' dir='ltr'><strong>litteras</strong></span> <span class='ocrx_word' id='word_1_63' title='bbox 2146 1524 2222 1571; x_wconf 90' lang='lat' dir='ltr'><strong>se</strong></span> <span class='ocrx_word' id='word_1_64' title='bbox 2256 1503 2627 1570; x_wconf 88' lang='lat' dir='ltr'><strong>convertit.</strong></span> 
     </span>
    </p>

    <p class='ocr_par' dir='ltr' id='par_1_4' title="bbox 677 1622 2741 3817">
     <span class='ocr_line' id='line_1_10' title="bbox 770 1622 2633 1721; baseline -0.001 -26"><span class='ocrx_word' id='word_1_65' title='bbox 770 1629 1025 1721; x_wconf 90' lang='lat' dir='ltr'><strong>Itaque</strong></span> <span class='ocrx_word' id='word_1_66' title='bbox 1059 1628 1466 1721; x_wconf 89' lang='lat' dir='ltr'><strong>inopinatos</strong></span> <span class='ocrx_word' id='word_1_67' title='bbox 1490 1628 1662 1695; x_wconf 88' lang='lat' dir='ltr'><strong>istos</strong></span> <span class='ocrx_word' id='word_1_68' title='bbox 1694 1623 2225 1695; x_wconf 88' lang='lat' dir='ltr'><strong>collocutorum</strong></span> <span class='ocrx_word' id='word_1_69' title='bbox 2258 1622 2633 1711; x_wconf 78' lang='lat' dir='ltr'><strong>adventuS,</strong></span> 
     </span>
     <span class='ocr_line' id='line_1_11' title="bbox 677 1745 2640 1845; baseline -0.002 -27"><span class='ocrx_word' id='word_1_70' title='bbox 677 1751 1108 1845; x_wconf 89' lang='lat' dir='ltr'><strong>cognomina</strong></span> <span class='ocrx_word' id='word_1_71' title='bbox 1173 1745 1498 1817; x_wconf 87' lang='lat' dir='ltr'><strong>scurrilia</strong></span> <span class='ocrx_word' id='word_1_72' title='bbox 1552 1749 1923 1843; x_wconf 85' lang='lat' dir='ltr'><strong>scriptoris</strong></span> <span class='ocrx_word' id='word_1_73' title='bbox 1985 1749 2310 1842; x_wconf 85' lang='lat' dir='ltr'><strong>gravitati</strong></span> <span class='ocrx_word' id='word_1_74' title='bbox 2385 1768 2640 1842; x_wconf 86' lang='lat' dir='ltr'><strong>parum</strong></span> 
     </span>
     <span class='ocr_line' id='line_1_12' title="bbox 677 1866 2643 1966; baseline -0.002 -25"><span class='ocrx_word' id='word_1_75' title='bbox 677 1884 1154 1941; x_wconf 87' lang='lat' dir='ltr'><strong>consentanea</strong></span> <span class='ocrx_word' id='word_1_76' title='bbox 1177 1869 1326 1964; x_wconf 89' lang='lat' dir='ltr'><strong>jam</strong></span> <span class='ocrx_word' id='word_1_77' title='bbox 1362 1866 1971 1966; x_wconf 88' lang='lat' dir='ltr'><strong>reprehendimus.</strong></span> <span class='ocrx_word' id='word_1_78' title='bbox 1995 1874 2082 1939; x_wconf 91' lang='lat' dir='ltr'><strong>Et</strong></span> <span class='ocrx_word' id='word_1_79' title='bbox 2109 1874 2272 1964; x_wconf 90' lang='lat' dir='ltr'><strong>quis</strong></span> <span class='ocrx_word' id='word_1_80' title='bbox 2302 1866 2393 1938; x_wconf 90' lang='lat' dir='ltr'><strong>ad</strong></span> <span class='ocrx_word' id='word_1_81' title='bbox 2427 1866 2643 1938; x_wconf 88' lang='lat' dir='ltr'><strong>collo-</strong></span> 
     </span>
     <span class='ocr_line' id='line_1_13' title="bbox 677 1990 2635 2090; baseline -0.001 -27"><span class='ocrx_word' id='word_1_82' title='bbox 677 1998 936 2090; x_wconf 90' lang='lat' dir='ltr'><strong>quium</strong></span> <span class='ocrx_word' id='word_1_83' title='bbox 979 1991 1266 2081; x_wconf 84' lang='lat' dir='ltr'><strong>Scrofae‚</strong></span> <span class='ocrx_word' id='word_1_84' title='bbox 1318 1992 1613 2063; x_wconf 85' lang='lat' dir='ltr'><strong>Merulae</strong></span> <span class='ocrx_word' id='word_1_85' title='bbox 1664 2008 1789 2064; x_wconf 91' lang='lat' dir='ltr'><strong>aut</strong></span> <span class='ocrx_word' id='word_1_86' title='bbox 1833 1997 2049 2063; x_wconf 89' lang='lat' dir='ltr'><strong>Vacci</strong></span> <span class='ocrx_word' id='word_1_87' title='bbox 2092 1992 2289 2063; x_wconf 91' lang='lat' dir='ltr'><strong>ultro</strong></span> <span class='ocrx_word' id='word_1_88' title='bbox 2322 1990 2635 2079; x_wconf 88' lang='lat' dir='ltr'><strong>accedat,</strong></span> 
     </span>
     <span class='ocr_line' id='line_1_14' title="bbox 679 2115 2641 2214; baseline -0.001 -29"><span class='ocrx_word' id='word_1_89' title='bbox 679 2140 912 2212; x_wconf 92' lang='lat' dir='ltr'><strong>quum</strong></span> <span class='ocrx_word' id='word_1_90' title='bbox 943 2115 1036 2187; x_wconf 91' lang='lat' dir='ltr'><strong>ad</strong></span> <span class='ocrx_word' id='word_1_91' title='bbox 1072 2115 1257 2187; x_wconf 90' lang='lat' dir='ltr'><strong>hanc</strong></span> <span class='ocrx_word' id='word_1_92' title='bbox 1298 2117 1742 2211; x_wconf 83' lang='lat' dir='ltr'><strong>majestatem</strong></span> <span class='ocrx_word' id='word_1_93' title='bbox 1782 2130 1853 2187; x_wconf 90' lang='lat' dir='ltr'><strong>et</strong></span> <span class='ocrx_word' id='word_1_94' title='bbox 1903 2116 2326 2214; x_wconf 85' lang='lat' dir='ltr'><strong>elegantiam</strong></span> <span class='ocrx_word' id='word_1_95' title='bbox 2372 2140 2641 2185; x_wconf 87' lang='lat' dir='ltr'><strong>sermo-</strong></span> 
     </span>
     <span class='ocr_line' id='line_1_15' title="bbox 682 2238 2647 2337; baseline -0.001 -28"><span class='ocrx_word' id='word_1_96' title='bbox 682 2262 860 2310; x_wconf 90' lang='lat' dir='ltr'><strong>num</strong></span> <span class='ocrx_word' id='word_1_97' title='bbox 889 2244 1074 2309; x_wconf 88' lang='lat' dir='ltr'><strong>inter</strong></span> <span class='ocrx_word' id='word_1_98' title='bbox 1108 2244 1477 2328; x_wconf 85' lang='lat' dir='ltr'><strong>Catonem,</strong></span> <span class='ocrx_word' id='word_1_99' title='bbox 1512 2242 1921 2337; x_wconf 88' lang='lat' dir='ltr'><strong>Scipionem</strong></span> <span class='ocrx_word' id='word_1_100' title='bbox 1953 2253 2024 2310; x_wconf 93' lang='lat' dir='ltr'><strong>et</strong></span> <span class='ocrx_word' id='word_1_101' title='bbox 2050 2238 2347 2313; x_wconf 82' lang='lat' dir='ltr'><strong>Laelium</strong></span> <span class='ocrx_word' id='word_1_102' title='bbox 2377 2262 2419 2309; x_wconf 92' lang='lat' dir='ltr'><strong>a</strong></span> <span class='ocrx_word' id='word_1_103' title='bbox 2451 2242 2647 2308; x_wconf 90' lang='lat' dir='ltr'><strong>Cice-</strong></span> 
     </span>
     <span class='ocr_line' id='line_1_16' title="bbox 682 2360 2649 2459; baseline -0.003 -25"><span class='ocrx_word' id='word_1_104' title='bbox 682 2388 859 2435; x_wconf 83' lang='lat' dir='ltr'><strong>rone</strong></span> <span class='ocrx_word' id='word_1_105' title='bbox 892 2363 1270 2434; x_wconf 80' lang='lat' dir='ltr'><strong>invitetur?</strong></span> <span class='ocrx_word' id='word_1_106' title='bbox 1288 2360 1595 2459; x_wconf 68' lang='lat' dir='ltr'><strong>Aliquid</strong></span> <span class='ocrx_word' id='word_1_107' title='bbox 1624 2367 1697 2433; x_wconf 92' lang='lat' dir='ltr'><strong>in</strong></span> <span class='ocrx_word' id='word_1_108' title='bbox 1722 2360 2042 2458; x_wconf 88' lang='lat' dir='ltr'><strong>quodam</strong></span> <span class='ocrx_word' id='word_1_109' title='bbox 2066 2360 2257 2431; x_wconf 89' lang='lat' dir='ltr'><strong>libro</strong></span> <span class='ocrx_word' id='word_1_110' title='bbox 2286 2364 2649 2432; x_wconf 90' lang='lat' dir='ltr'><strong>Ciceronis</strong></span> 
     </span>
     <span class='ocr_line' id='line_1_17' title="bbox 680 2464 2741 2585; baseline -0.002 -29"><span class='ocrx_word' id='word_1_111' title='bbox 680 2484 1136 2585; x_wconf 78' lang='lat' dir='ltr'><strong>perjucunda</strong></span> <span class='ocrx_word' id='word_1_112' title='bbox 1178 2484 1351 2557; x_wconf 90' lang='lat' dir='ltr'><strong>dicit</strong></span> <span class='ocrx_word' id='word_1_113' title='bbox 1391 2489 1571 2557; x_wconf 90' lang='lat' dir='ltr'><strong>Cato</strong></span> <span class='ocrx_word' id='word_1_114' title='bbox 1638 2483 1727 2555; x_wconf 89' lang='lat' dir='ltr'><strong>de</strong></span> <span class='ocrx_word' id='word_1_115' title='bbox 1760 2482 2259 2582; x_wconf 86' lang='lat' dir='ltr'><strong>voluptatibus</strong></span> <span class='ocrx_word' id='word_1_116' title='bbox 2300 2482 2644 2581; x_wconf 84' lang='lat' dir='ltr'><strong>agricola·</strong></span> <span class='ocrx_word' id='word_1_117' title='bbox 2734 2464 2741 2469; x_wconf 46' lang='grc'><strong>’</strong></span> 
     </span>
     <span class='ocr_line' id='line_1_18' title="bbox 679 2606 2646 2705; baseline -0.002 -24"><span class='ocrx_word' id='word_1_118' title='bbox 679 2634 872 2695; x_wconf 87' lang='lat' dir='ltr'><strong>rum,</strong></span> <span class='ocrx_word' id='word_1_119' title='bbox 908 2638 942 2674; x_wconf 77' lang='grc' dir='ltr'>α</span> <span class='ocrx_word' id='word_1_120' title='bbox 974 2607 1242 2705; x_wconf 91' lang='lat' dir='ltr'><strong>quibus</strong></span> <span class='ocrx_word' id='word_1_121' title='bbox 1266 2608 1783 2680; x_wconf 90' lang='lat' dir='ltr'><strong>incredibiliter</strong></span> <span class='ocrx_word' id='word_1_122' title='bbox 1815 2607 2235 2694; x_wconf 85' lang='lat' dir='ltr'><strong>delectatur,</strong></span> <span class='ocrx_word' id='word_1_123' title='bbox 2270 2636 2305 2673; x_wconf 74' lang='lat'><strong>2&gt;</strong></span> <span class='ocrx_word' id='word_1_124' title='bbox 2340 2606 2466 2679; x_wconf 89' lang='lat' dir='ltr'><strong>sed</strong></span> <span class='ocrx_word' id='word_1_125' title='bbox 2499 2632 2646 2701; x_wconf 89' lang='lat' dir='ltr'><strong>non</strong></span> 
     </span>
     <span class='ocr_line' id='line_1_19' title="bbox 684 2728 2651 2821; baseline -0.004 -17"><span class='ocrx_word' id='word_1_126' title='bbox 684 2747 767 2804; x_wconf 91' lang='lat' dir='ltr'><strong>ut</strong></span> <span class='ocrx_word' id='word_1_127' title='bbox 800 2736 1144 2804; x_wconf 89' lang='lat' dir='ltr'><strong>Varronis</strong></span> <span class='ocrx_word' id='word_1_128' title='bbox 1180 2730 1581 2803; x_wconf 91' lang='lat' dir='ltr'><strong>collocutor</strong></span> <span class='ocrx_word' id='word_1_129' title='bbox 1604 2730 1867 2803; x_wconf 88' lang='lat' dir='ltr'><strong>insulse</strong></span> <span class='ocrx_word' id='word_1_130' title='bbox 1893 2728 2121 2802; x_wconf 84' lang='lat' dir='ltr'><strong>balat.</strong></span> <span class='ocrx_word' id='word_1_131' title='bbox 2160 2735 2398 2821; x_wconf 83' lang='lat' dir='ltr'><strong>Quam</strong></span> <span class='ocrx_word' id='word_1_132' title='bbox 2422 2733 2651 2801; x_wconf 82' lang='lat' dir='ltr'><strong>suavis</strong></span> 
     </span>
     <span class='ocr_line' id='line_1_20' title="bbox 687 2854 2701 2952; baseline -0.002 -24"><span class='ocrx_word' id='word_1_133' title='bbox 687 2856 774 2928; x_wconf 89' lang='lat' dir='ltr'><strong>fit</strong></span> <span class='ocrx_word' id='word_1_134' title='bbox 808 2855 1000 2926; x_wconf 91' lang='lat' dir='ltr'><strong>illius</strong></span> <span class='ocrx_word' id='word_1_135' title='bbox 1025 2880 1291 2945; x_wconf 82' lang='lat' dir='ltr'><strong>sermO,</strong></span> <span class='ocrx_word' id='word_1_136' title='bbox 1330 2880 1562 2952; x_wconf 90' lang='lat' dir='ltr'><strong>quum</strong></span> <span class='ocrx_word' id='word_1_137' title='bbox 1594 2855 1768 2927; x_wconf 85' lang='lat' dir='ltr'><strong>dicit</strong></span> <span class='ocrx_word' id='word_1_138' title='bbox 1807 2854 1897 2925; x_wconf 89' lang='lat' dir='ltr'><strong>de</strong></span> <span class='ocrx_word' id='word_1_139' title='bbox 1935 2868 2122 2927; x_wconf 87' lang='lat' dir='ltr'><strong>terra</strong></span> <span class='ocrx_word' id='word_1_140' title='bbox 2152 2882 2168 2924; x_wconf 73' lang='grc' dir='ltr'>ε</span> <span class='ocrx_word' id='word_1_141' title='bbox 2199 2879 2233 2919; x_wconf 86' lang='lat'>«</span> <span class='ocrx_word' id='word_1_142' title='bbox 2258 2858 2437 2946; x_wconf 84' lang='lat' dir='ltr'><strong>Quae</strong></span> <span class='ocrx_word' id='word_1_143' title='bbox 2462 2878 2647 2923; x_wconf 86' lang='lat' dir='ltr'><strong>nun·</strong></span> <span class='ocrx_word' id='word_1_144' title='bbox 2697 2877 2701 2881; x_wconf 89' lang='lat'>·</span> 
     </span>
     <span class='ocr_line' id='line_1_21' title="bbox 684 2954 2673 3079; baseline -0.001 -29"><span class='ocrx_word' id='word_1_145' title='bbox 684 3004 906 3076; x_wconf 85' lang='lat' dir='ltr'><strong>quam</strong></span> <span class='ocrx_word' id='word_1_146' title='bbox 936 2996 1217 3051; x_wconf 89' lang='lat' dir='ltr'><strong>recusat</strong></span> <span class='ocrx_word' id='word_1_147' title='bbox 1244 2985 1655 3079; x_wconf 86' lang='lat' dir='ltr'><strong>imperium,</strong></span> <span class='ocrx_word' id='word_1_148' title='bbox 1694 3005 1829 3051; x_wconf 92' lang='lat' dir='ltr'><strong>nec</strong></span> <span class='ocrx_word' id='word_1_149' title='bbox 1876 3004 2197 3075; x_wconf 80' lang='lat' dir='ltr'><strong>unquam</strong></span> <span class='ocrx_word' id='word_1_150' title='bbox 2235 2984 2387 3049; x_wconf 89' lang='lat' dir='ltr'><strong>sine</strong></span> <span class='ocrx_word' id='word_1_151' title='bbox 2430 2954 2673 3049; x_wconf 26' lang='lat' dir='ltr'><strong>usura·</strong></span> 
     </span>
     <span class='ocr_line' id='line_1_22' title="bbox 689 3098 2651 3201; baseline -0.002 -28"><span class='ocrx_word' id='word_1_152' title='bbox 689 3099 950 3192; x_wconf 88' lang='lat' dir='ltr'><strong>reddit,</strong></span> <span class='ocrx_word' id='word_1_153' title='bbox 982 3102 1184 3200; x_wconf 90' lang='lat' dir='ltr'><strong>quod</strong></span> <span class='ocrx_word' id='word_1_154' title='bbox 1209 3102 1426 3174; x_wconf 90' lang='lat' dir='ltr'><strong>semel</strong></span> <span class='ocrx_word' id='word_1_155' title='bbox 1457 3108 1731 3201; x_wconf 88' lang='lat' dir='ltr'><strong>accepit</strong></span> <span class='ocrx_word' id='word_1_156' title='bbox 1758 3110 1811 3173; x_wconf 85' lang='lat'><strong>¹.</strong></span> <span class='ocrx_word' id='word_1_157' title='bbox 1846 3106 2050 3175; x_wconf 83' lang='lat' dir='ltr'><strong>»Nec</strong></span> <span class='ocrx_word' id='word_1_158' title='bbox 2074 3106 2325 3173; x_wconf 87' lang='lat' dir='ltr'><strong>Cicero</strong></span> <span class='ocrx_word' id='word_1_159' title='bbox 2360 3100 2449 3171; x_wconf 86' lang='lat' dir='ltr'><strong>de</strong></span> <span class='ocrx_word' id='word_1_160' title='bbox 2478 3098 2651 3171; x_wconf 88' lang='lat' dir='ltr'><strong>ficto</strong></span> 
     </span>
     <span class='ocr_line' id='line_1_23' title="bbox 690 3226 2654 3324; baseline -0.002 -28"><span class='ocrx_word' id='word_1_161' title='bbox 690 3231 1118 3323; x_wconf 85' lang='lat' dir='ltr'><strong>cognomine</strong></span> <span class='ocrx_word' id='word_1_162' title='bbox 1152 3226 1531 3322; x_wconf 82' lang='lat' dir='ltr'><strong>cujusdam</strong></span> <span class='ocrx_word' id='word_1_163' title='bbox 1556 3251 1879 3324; x_wconf 81' lang='lat' dir='ltr'><strong>personae</strong></span> <span class='ocrx_word' id='word_1_164' title='bbox 1912 3229 2290 3297; x_wconf 85' lang='lat' dir='ltr'><strong>transitum</strong></span> <span class='ocrx_word' id='word_1_165' title='bbox 2324 3239 2449 3297; x_wconf 83' lang='lat' dir='ltr'><strong>aut</strong></span> <span class='ocrx_word' id='word_1_166' title='bbox 2486 3242 2654 3294; x_wconf 83' lang='lat' dir='ltr'><strong>con-</strong></span> 
     </span>
     <span class='ocr_line' id='line_1_24' title="bbox 692 3347 2655 3447; baseline -0.001 -27"><span class='ocrx_word' id='word_1_167' title='bbox 692 3348 1090 3421; x_wconf 89' lang='lat' dir='ltr'><strong>clusionem</strong></span> <span class='ocrx_word' id='word_1_168' title='bbox 1119 3347 1436 3438; x_wconf 89' lang='lat' dir='ltr'><strong>deducit,</strong></span> <span class='ocrx_word' id='word_1_169' title='bbox 1475 3347 1601 3419; x_wconf 85' lang='lat' dir='ltr'><strong>sed</strong></span> <span class='ocrx_word' id='word_1_170' title='bbox 1636 3348 1727 3419; x_wconf 90' lang='lat' dir='ltr'><strong>de</strong></span> <span class='ocrx_word' id='word_1_171' title='bbox 1762 3354 2053 3419; x_wconf 86' lang='lat' dir='ltr'><strong>Catonis</strong></span> <span class='ocrx_word' id='word_1_172' title='bbox 2090 3352 2312 3447; x_wconf 90' lang='lat' dir='ltr'><strong>ipsius</strong></span> <span class='ocrx_word' id='word_1_173' title='bbox 2350 3363 2549 3419; x_wconf 83' lang='lat' dir='ltr'><strong>aetate</strong></span> <span class='ocrx_word' id='word_1_174' title='bbox 2573 3362 2655 3419; x_wconf 63' lang='lat' dir='ltr'><strong>‘et</strong></span> 
     </span>
     <span class='ocr_line' id='line_1_25' title="bbox 689 3468 2646 3566; baseline 0 -27"><span class='ocrx_word' id='word_1_175' title='bbox 689 3468 976 3540; x_wconf 88' lang='lat' dir='ltr'><strong>indole:</strong></span> <span class='ocrx_word' id='word_1_176' title='bbox 1021 3499 1056 3535; x_wconf 76' lang='lat' dir='ltr'><strong>c&lt;</strong></span> <span class='ocrx_word' id='word_1_177' title='bbox 1088 3472 1188 3541; x_wconf 90' lang='lat' dir='ltr'><strong>Ea</strong></span> <span class='ocrx_word' id='word_1_178' title='bbox 1233 3473 1385 3566; x_wconf 84' lang='lat' dir='ltr'><strong>ipsa</strong></span> <span class='ocrx_word' id='word_1_179' title='bbox 1417 3494 1581 3565; x_wconf 82' lang='lat' dir='ltr'><strong>quae</strong></span> <span class='ocrx_word' id='word_1_180' title='bbox 1604 3469 1746 3541; x_wconf 87' lang='lat' dir='ltr'><strong>dixi</strong></span> <span class='ocrx_word' id='word_1_181' title='bbox 1780 3468 1998 3541; x_wconf 86' lang='lat' dir='ltr'><strong>fuisse</strong></span> <span class='ocrx_word' id='word_1_182' title='bbox 2032 3475 2260 3541; x_wconf 88' lang='lat' dir='ltr'><strong>sentio</strong></span> <span class='ocrx_word' id='word_1_183' title='bbox 2295 3469 2646 3566; x_wconf 87' lang='lat' dir='ltr'><strong>longiora.</strong></span> 
     </span>
     <span class='ocr_line' id='line_1_26' title="bbox 689 3593 2654 3692; baseline -0.002 -27"><span class='ocrx_word' id='word_1_184' title='bbox 689 3596 1074 3692; x_wconf 86' lang='lat' dir='ltr'><strong>Ignoscetis</strong></span> <span class='ocrx_word' id='word_1_185' title='bbox 1097 3606 1338 3665; x_wconf 86' lang='lat' dir='ltr'><strong>autem</strong></span> <span class='ocrx_word' id='word_1_186' title='bbox 1365 3619 1380 3662; x_wconf 72' lang='grc' dir='ltr'><strong>ε</strong></span> <span class='ocrx_word' id='word_1_187' title='bbox 1410 3618 1583 3665; x_wconf 91' lang='lat' dir='ltr'><strong>nam</strong></span> <span class='ocrx_word' id='word_1_188' title='bbox 1606 3609 1676 3665; x_wconf 89' lang='lat' dir='ltr'><strong>et</strong></span> <span class='ocrx_word' id='word_1_189' title='bbox 1698 3593 1941 3667; x_wconf 89' lang='lat' dir='ltr'><strong>studio</strong></span> <span class='ocrx_word' id='word_1_190' title='bbox 1960 3618 2203 3666; x_wconf 87' lang='lat' dir='ltr'><strong>rerum</strong></span> <span class='ocrx_word' id='word_1_191' title='bbox 2228 3600 2654 3665; x_wconf 85' lang='lat' dir='ltr'><strong>rusticarum</strong></span> 
     </span>
     <span class='ocr_line' id='line_1_27' title="bbox 695 3718 2651 3817; baseline -0.002 -27"><span class='ocrx_word' id='word_1_192' title='bbox 695 3732 1080 3817; x_wconf 86' lang='lat' dir='ltr'><strong>provectus</strong></span> <span class='ocrx_word' id='word_1_193' title='bbox 1101 3743 1292 3807; x_wconf 88' lang='lat' dir='ltr'><strong>sum,</strong></span> <span class='ocrx_word' id='word_1_194' title='bbox 1311 3731 1383 3789; x_wconf 90' lang='lat' dir='ltr'><strong>et</strong></span> <span class='ocrx_word' id='word_1_195' title='bbox 1401 3732 1727 3789; x_wconf 89' lang='lat' dir='ltr'><strong>senectus</strong></span> <span class='ocrx_word' id='word_1_196' title='bbox 1744 3721 1860 3791; x_wconf 73' lang='lat' dir='ltr'><strong>est&#39;</strong></span> <span class='ocrx_word' id='word_1_197' title='bbox 1874 3732 2130 3790; x_wconf 87' lang='lat' dir='ltr'><strong>natura</strong></span> <span class='ocrx_word' id='word_1_198' title='bbox 2144 3718 2520 3816; x_wconf 87' lang='lat' dir='ltr'><strong>loquacior</strong></span> <span class='ocrx_word' id='word_1_199' title='bbox 2534 3728 2586 3787; x_wconf 77' lang='lat'><strong>²..</strong></span> <span class='ocrx_word' id='word_1_200' title='bbox 2616 3746 2651 3783; x_wconf 72' lang='lat'><strong>&gt;2</strong></span> 
     </span>
    </p>
   </div>
   <div class='ocr_carea' id='block_1_2' title="bbox 772 3920 1530 4070">
    <p class='ocr_par' dir='ltr' id='par_1_5' title="bbox 772 3920 1530 4070">
     <span class='ocr_line' id='line_1_28' title="bbox 773 3920 1511 3987; baseline 0.007 -16"><span class='ocrx_word' id='word_1_201' title='bbox 773 3940 822 3974; x_wconf 90' lang='lat'><strong>1.</strong></span> <span class='ocrx_word' id='word_1_202' title='bbox 862 3922 1043 3987; x_wconf 65' lang='lat' dir='ltr'><strong>Cicer„</strong></span> <span class='ocrx_word' id='word_1_203' title='bbox 1071 3920 1133 3973; x_wconf 77' lang='lat' dir='ltr'><strong>de</strong></span> <span class='ocrx_word' id='word_1_204' title='bbox 1155 3926 1367 3986; x_wconf 50' lang='grc' dir='ltr'><strong>δεηθείη</strong></span> <span class='ocrx_word' id='word_1_205' title='bbox 1393 3926 1511 3976; x_wconf 75' lang='lat' dir='ltr'><strong>XV.</strong></span> 
     </span>
     <span class='ocr_line' id='line_1_29' title="bbox 772 4008 1530 4070; baseline 0 -8"><span class='ocrx_word' id='word_1_206' title='bbox 772 4028 826 4062; x_wconf 80' lang='lat' dir='ltr'><strong>a.</strong></span> <span class='ocrx_word' id='word_1_207' title='bbox 1038 4008 1167 4061; x_wconf 76' lang='lat' dir='ltr'><strong>lbid.</strong></span> <span class='ocrx_word' id='word_1_208' title='bbox 1183 4047 1201 4070; x_wconf 87' lang='lat'>‚</span> <span class='ocrx_word' id='word_1_209' title='bbox 1386 4014 1530 4063; x_wconf 77' lang='lat' dir='ltr'><strong>xw.</strong></span> 
     </span>
    </p>
   </div>
   <div class='ocr_carea' id='block_1_3' title="bbox 3020 1260 3036 2917">
    <p class='ocr_par' dir='ltr' id='par_1_6' title="bbox 3020 1260 3036 2917">
     <span class='ocr_line' id='line_1_30' title="bbox 3020 1260 3036 2917; baseline 0 0"><span class='ocrx_word' id='word_1_210' title='bbox 3020 1260 3036 2917; x_wconf 95' lang='lat' dir='ltr'><strong> </strong></span> 
     </span>
    </p>
   </div>
  </div>
 </body>
</html>
