3059 5084
1261 532 1340 547 -.
1379 501 1455 565 Μ
1502 533 1576 545 ...

441 644 942 721 excusaturus3
973 630 1162 703 hanc
1189 644 1470 729 partem
1490 628 1787 703 demum
1816 628 2155 722 absolvit,
2176 652 2400 729 quam

437 753 747 825 senilem
775 752 1100 825 diximus.

538 882 774 951 Varro
800 877 1198 977 dialogum,
1235 876 1620 951 inclinante
1649 876 1802 973 jam
1834 890 2068 965 aetate,
2104 890 2188 948 ut
2227 880 2403 949 Cato

442 1001 712 1075 litteras
737 1026 1022 1103 graeca5‚
1051 1000 1301 1074 didicit
1332 1028 1349 1071 ε
1387 1000 1655 1073 dedicit
1682 991 2013 1098 quidem,
2035 1024 2186 1071 -non
2212 1004 2405 1071 enim

443 1150 817 1199 censemus
847 1127 1036 1199 hanc
1068 1125 1338 1226 dialogi
1379 1124 1691 1197 formam
1724 1123 1817 1197 ab
1838 1149 1926 1196 eo
1948 1116 2163 1196 fuisse
2195 1124 2403 1197 adhi-

441 1249 668 1321 bitam
700 1256 775 1322 in
808 1250 962 1324 aliis
993 1250 1195 1322 libris
1225 1249 1316 1321 de
1351 1248 1733 1322 annalibus
1759 1264 1831 1321 et
1856 1250 2047 1346 jure,
2086 1274 2405 1347 quorum

443 1372 694 1445 titulos
712 1371 1077 1445 Fabricius
1103 1380 1174 1445 in
1199 1373 1643 1445 Bibliotheca
1665 1366 1889 1445 latina
1920 1378 2249 1445 servavit.
2264 1377 2408 1445 De-

443 1494 708 1569 fessum
742 1502 962 1597 igitur
1005 1522 1089 1570 ac
1121 1497 1334 1569 simul
1351 1494 1591 1568 “senile
1632 1511 1786 1569 erat
1824 1502 2167 1569 Varronis
2206 1503 2405 1597 inge-

444 1624 649 1692 nium
690 1673 710 1710 ,
757 1645 989 1718 quum
1023 1620 1438 1694 instituebat
1467 1621 1654 1693 hanc
1688 1635 1965 1721 partem
1998 1626 2351 1693 scenicam
2386 1674 2408 1711 ‚

444 1768 607 1838 quae
637 1768 786 1815 non
809 1748 978 1815 satis
1011 1760 1482 1816 consentanea
1507 1748 1821 1843 materiae
1856 1743 2067 1816 nobis
2099 1749 2252 1817 visa
2282 1758 2408 1816 est.

447 1870 578 1937 Hic
600 1864 803 1938 facile
831 1872 1242 1965 agnoscitur
1285 1866 1515 1939 forma
1548 1866 1815 1966 dialogi
1852 1872 2087 1967 graeci,
2124 1866 2415 1965 qualem

447 1993 662 2086 primi
682 1987 879 2059 latini
899 1994 1282 2088 scriptores
1307 1989 1743 2063 adumbrare
1760 2006 2174 2091 potuerunt.
2195 1990 2413 2063 Vide-

445 2112 613 2184 licet
644 2111 984 2189 informes
1013 2125 1086 2185 et'
1105 2114 1391 2185 serviles
1415 2120 1837 2205 imitatores,
1874 2140 2022 2197 non
2047 2130 2193 2187 tam
2214 2119 2413 2187 Grae-

445 2262 702 2310 corum
720 2244 958 2339 ipsum
977 2244 1345 2339 ingenium
1367 2246 1440 2313 in
1461 2266 1536 2313 se
1552 2241 1949 2330 contulere,
1964 2266 2185 2338 quam
2200 2247 2415 2341 scrip-

447 2376 688 2434 torum
725 2361 1060 2435 habitum
1085 2375 1200 2454 et,
1239 2380 1324 2437 ut
1356 2370 1452 2436 ita
1486 2363 1749 2455 dicam,
1780 2370 2123 2436 amictum
2155 2363 2414 2437 indue-

447 2501 636 2561 runt.
682 2487 872 2558 Talis
903 2502 1008 2558 est
1041 2493 1276 2559 Varro
1344 2514 1577 2586 quum
1641 2487 2085 2587 colloquitur
2122 2516 2138 2559 :
2204 2494 2412 2589 graeci

445 2611 795 2711 colloquii
811 2611 1119 2686 formam
1141 2628 1466 2714 usurpat,
1494 2628 1899 2686 mutuatam
1914 2610 2155 2685 forsan
2170 2638 2213 2685 a
2231 2640 2415 2712 quo-

447 2732 613 2804 dam
635 2733 981 2807 mediocri
1014 2741 1380 2835 scriptore.
1404 2741 1799 2807 Groecatur
1823 2751 2041 2825 certe,
2072 2752 2154 2809 ut
2184 2735 2415 2809 decla-

448 2872 610 2928 rant
632 2857 874 2956 plures
906 2859 1048 2933 loci
1081 2859 1440 2931 librorum
1477 2858 1567 2931 de
1614 2864 1718 2931 Re
1763 2864 2089 2950 Rustica,
2128 2874 2201 2932 et
2228 2865 2414 2932 inter

443 2982 623 3055 alios
643 2984 792 3055 haec
805 2988 1252 3084 comparatio
1278 3009 1499 3083 quam
1515 2985 1877 3081 rejicimus
1896 2989 1969 3053 in
1986 2984 2301 3075 notulaS‚
2320 3010 2413 3057 ne

445 3104 990 3179 conclusionem
1037 3118 1478 3181 moremur¹.
1520 3108 1697 3179 Inde
1737 3114 1923 3181 ratio
1947 3112 2112 3180 iniri
2136 3124 2407 3208 potest,

443 3256 574 3303 cur
595 3236 827 3304 Varro
858 3237 970 3303 vir
1000 3258 1296 3305 summae
1324 3238 1683 3332 gravitatis
1714 3247 1787 3305 et
1820 3232 2163 3305 doctrinae
2196 3240 2415 3333 scrip-

443 3357 616 3426 serit
624 3353 960 3454 pluribus
973 3360 1176 3428 annis
1189 3354 1803 3455 postTusculanas
1818 3371 1945 3429 aut
1954 3355 2414 3431 Academicas

521 3678 544 3710 ι
556 3698 571 3713 .
611 3662 768 3721 Certe,
791 3660 949 3729 inquit
964 3662 1259 3725 Fundanius,
1278 3662 1408 3713 aliud
1435 3664 1589 3731 pastio
1607 3672 1655 3715 et
1678 3663 1809 3714 aliud
1823 3663 2137 3731 agricultura,
2156 3662 2239 3713 sed
2254 3662 2414 3714 affinis

441 3754 514 3808 et,
544 3756 598 3797 ut
623 3747 823 3797 dextera
849 3748 968 3798 tibia
997 3748 1090 3799 alia
1117 3764 1265 3815 quam
1291 3749 1502 3811 sinistra,
1538 3749 1605 3800 ita
1652 3758 1705 3799 ut
1728 3758 1890 3800 tamen
1926 3750 1989 3799 sit
2026 3749 2238 3825 quodam
2266 3749 2413 3821 qudo

441 3836 720 3903 conjuncta,
746 3837 877 3903 quod
915 3846 990 3887 est
1019 3837 1170 3888 altera
1197 3836 1408 3903 ejusdem
1446 3838 1672 3891 anx-minis
1700 3838 1954 3889 modorum
1984 3837 2225 3888 incentiva
2262 3838 2413 3889 altera

438 3923 732 3973 succentiva.
757 3926 818 3973 Et
851 3923 1044 3989 quidem
1073 3924 1186 3975 licet
1223 3924 1436 3993 adjicias,
1476 3925 1693 3991 inquam,
1728 3933 1992 3991 pastorum,
2019 3924 2165 3974 vitam
2192 3940 2296 3975 esse
2336 3924 2412 3979 in-

440 3999 700 4073 centivam,
727 4011 1039 4078 agricolarum
1065 4012 1408 4077 succentivam,
1437 4023 1657 4074 anctore,
1682 4012 1958 4065 doctissimo
1984 4012 2179 4064 homine
2205 4013 2413 4064 Dicaear-
