3059 5084
422 660 648 755 ipsius
674 660 1048 745 sententia,
1083 685 1116 723 «
1143 678 1370 727 annus
1390 658 1870 753 octogesimus
1884 653 2222 727 admonet
2241 678 2385 747 me,

421 796 505 853 ut
523 786 832 853 sarcinas
851 781 1180 880 colligam
1199 796 1585 879 antequam
1609 778 2021 879 proficiscar
2048 805 2087 850 e
2119 785 2327 851 vita¹.
2352 806 2387 845 a

421 912 758 979 Senectus
794 910 1013 1005 igitur
1035 911 1103 975 in
1128 930 1312 1003 opus
1340 901 1765 1001 exigendum
1791 907 2101 1000 irrepere
2127 906 2388 999 potuit,

422 1034 498 1101 in
529 1054 750 1127 quam
787 1054 974 1100 vero
1020 1028 1336 1127 partem?
1387 1026 1595 1099 Haud
1636 1032 1727 1098 ita
1762 1040 1953 1097 certe
2000 1034 2073 1095 iu
2108 1040 2388 1125 partem

423 1152 947 1244 didascalicam,
983 1158 1056 1224 in
1080 1177 1224 1250 qua
1249 1176 1362 1223 res
1389 1157 1543 1250 ipsa
1562 1156 1825 1223 rustica
1848 1155 2101 1221 eximie
2130 1164 2387 1223 tracta-

422 1292 560 1349 tur.
589 1282 721 1348 Hic
755 1280 946 1348 enim
981 1280 1214 1347 omnis
1245 1280 1432 1374 viget
1466 1280 1729 1366 Varr0,
1773 1273 1952 1346 nihil
1988 1298 2281 1373 prorsus
2313 1278 2388 1345 in

421 1400 642 1487 ‚rebus
689 1398 1289 1491 demonstrandiS,
1325 1400 1617 1474 senilem
1656 1400 1855 1473 illam
1882 1400 2389 1498 loquacitatem

424 1524 666 1599 refert.
731 1530 998 1597 Contra
1048 1524 1506 1625 densissimus
1559 1524 1645 1595 fit
1692 1524 2057 1596 disserenti
2112 1513 2415 1613 sermo,

357 1738 361 1741 ῃ
423 1665 522 1742 et,
561 1665 642 1722 ut
673 1648 1008 1740 diximuS,
1034 1674 1276 1721 rerum
1312 1653 1846 1747 compressione
1875 1647 2115 1723 brevis
2134 1702 2155 1739 ,
2176 1664 2247 1719 et
2280 1653 2389 1719 in-

424 1776 711 1849 terdum
744 1800 978 1873 usque
1022 1776 1112 1848 ad
1158 1781 1614 1875 asperitatem
1660 1775 1902 1847 virilis.
1955 1773 2167 1846 Haud
2216 1756 2390 1846 vero

421 1899 508 1971 ad
517 1899 1044 1971 firmaverimus
1065 1922 1212 1970 non
1228 1902 1683 1970 consenuisse
1704 1899 1854 1994 jam
1872 1902 2219 1970 Varronis
2239 1922 2397 1968 nos-

424 2028 517 2096 tri
549 2030 914 2124 ingenium
949 2028 1024 2094 in
1055 2022 1194 2096 hac
1221 2022 1443 2095 altera
1475 2021 1832 2094 librorum
1869 2038 2111 2121 parte,
2149 2027 2218 2092 in
2260 2020 2397 2093 hac

421 2152 656 2247 specie
687 2145 1017 2218 videlicet
1051 2146 1345 2249 dialogi,
1383 2171 1600 2243 quam
1642 2170 1894 2244 vagam
1922 2160 1994 2217 et
2042 2169 2209 2216 cum
2240 2168 2401 2226 ma-

422 2274 602 2343 teria
629 2270 1109 2342 dissonantem
1144 2268 1760 2369 reprehendimus,
1802 2274 1951 2341 Cur
1967 2284 2212 2340 autem
2244 2290 2392 2339 una

423 2418 588 2493 pars
635 2393 992 2466 librorum
1031 2393 1252 2465 virilis
1302 2396 1506 2490 quasi
1555 2390 1826 2491 vigeat,
1881 2375 2101 2463 altera
2150 2405 2389 2462 autem

423 2519 661 2601 senilis
712 2519 1093 2608 dormitet,
1163 2517 1440 2590 indoles
1480 2523 1821 2590 Varronis
1878 2531 1950 2588 et
1999 2522 2157 2587 vitae
2206 2519 2389 2588 ratio

426 2644 723 2717 forsitan
763 2643 1100 2715 indicant.

525 2767 977 2840 Concedatur
1009 2766 1219 2838 nobis
1237 2755 1392 2838 haec
1424 2771 1673 2865 opinio
1707 2764 2205 2861 conjecturalis
2227 2768 2390 2861 qui-

427 2891 622 2983 dem,
668 2892 792 2964 sed
827 2890 1012 2963 forte
1037 2917 1185 2963 non
1218 2889 1613 2962 admodum
1650 2890 1942 2988 indigna
1969 2894 2087 2961 cui
2120 2887 2390 2960 condo-

423 3031 673 3102 netur,
710 3018 984 3112 quippe
1026 3012 1144 3084 hic
1173 3018 1409 3111 agitur
1439 3012 1530 3085 de
1569 3013 1771 3086 libris
1799 3018 1929 3111 qui
1962 3018 2037 3084 in
2066 3011 2398 3084 manibus

429 3140 753 3207 omnium
779 3160 927 3206 non
947 3134 1344 3208 admodum
1367 3151 1773 3226 versantur,
1790 3150 1863 3207 et
1889 3134 2158 3234 quibus
2182 3138 2396 3205 etiam

427 3260 844 3355 conjectura
877 3258 1128 3332 defuit.
1191 3262 1633 3356 Conjicimus
1659 3266 1880 3359 igitur
1910 3259 2137 3332 libros
2169 3259 2259 3330 de
2293 3264 2397 3329 Re
2454 3316 2457 3321 .

427 3390 719 3459 Rustica
749 3412 896 3458 non
951 3366 1170 3459 fuisse
1215 3402 1580 3486 susceptos
1622 3402 1695 3458 et
1742 3384 2105 3459 confectos
2152 3383 2399 3458 eadem

429 3525 634 3581 aetate
655 3514 822 3587 ,vitae
856 3513 1252 3608 scriptoris,
1289 3514 1688 3582 Varronem
1713 3509 2099 3607 agricolam
2136 3506 2401 3580 studio-

431 3657 597 3703 sum
630 3646 704 3703 et
735 3630 1072 3723 divitem,
1123 3647 1210 3704 ut
1240 3638 1392 3734 ipse
1435 3630 1774 3723 fatetur2,
1810 3658 1958 3705 non
2004 3646 2403 3734 expectasse

509 3878 554 3911 ι.
595 3866 752 3914 Varro
801 3868 825 3915 1
881 3882 928 3915 1.

507 3968 560 4001 α.
600 3956 708 4019 lpse
737 3900 986 4021 p’eciiarias
1023 3950 1172 4004 habui
1200 3953 1423 4022 grandeS,
1459 3955 1509 4007 in
1540 3954 1747 4026 Appulia
1790 3954 2013 4014 ovim-ias,
2049 3952 2173 4005 etin
2202 3954 2410 4006 Reatino

433 4038 670 4109 equarias.
810 4054 815 4059 “
1536 4044 1557 4109 ζ
1570 4047 1752 4107 Varro,
1776 4042 1837 4096 de
1865 4048 1929 4097 Β..
1957 4046 2141 4106 R.,11‚
2167 4042 2340 4111 pref.)
