3059 5084
1109 606 1112 611 .
1219 575 1293 587 —
1335 542 1380 605 9
1421 576 1495 589 -

479 674 849 748 Gradatim
865 698 1104 746 sermo
1134 678 1386 745 transit
1417 678 1490 743 in
1523 673 1694 745 alias
1705 676 1833 745 Rei
1848 676 2155 743 Rusticae
2178 692 2349 771 par-⁴

380 816 511 890 tes,
555 805 896 871 nimirum
932 797 1272 871 familiam
1307 795 1741 885 rusticalem,
1780 800 2054 893 agraria
2083 800 2347 866 instru-
2412 892 2423 899 .

380 937 646 1013 menta,
686 921 910 997 boves
943 919 1338 1023 eligendOS,
1377 924 1610 992 varias
1649 924 1815 991 anni
1864 932 2341 1017 tempestateS‚

380 1045 795 1134 solstitium,
831 1044 1253 1134 caniculam,
1305 1047 1659 1115 seminum
1706 1066 1995 1141 genera,
2046 1040 2345 1131 fructus,

384 1192 682 1239 messem
704 1220 724 1257 ‚
776 1167 1228 1245 vendemiam
1283 1163 1707 1256 faciendam,
1764 1189 1966 1255 uvaS,
2025 1164 2210 1237 mala
2274 1179 2349 1239 et

381 1290 636 1362 sorbos
680 1291 1005 1391 pensiles.
1054 1296 1270 1363 Varia
1317 1289 1472 1361 haec
1517 1304 1873 1388 praecepta
1923 1294 1995 1359 in
2044 1287 2349 1361 modum

382 1414 592 1512 plane
641 1413 1156 1487 didascalicum
1207 1412 1674 1502 adhibentur,
1722 1437 1855 1484 nec
1909 1427 2149 1484 tamen
2190 1412 2352 1487 talis

384 1535 787 1636 exponendi
823 1543 1007 1610 ratio
1041 1550 1230 1608 vetat
1255 1588 1274 1625 ‚
1304 1540 1482 1632 quin
1521 1534 1999 1607 collocutores
2018 1535 2350 1633 quaedam

381 1660 609 1734 faceta
635 1666 822 1733 inter
847 1686 920 1733 se
951 1661 1038 1733 ad
1050 1666 1349 1732 mittant.
1383 1664 1490 1731 De
1512 1666 1715 1733 vinea
1746 1659 1923 1731 dum
1950 1659 2353 1759 disputant,-

382 1787 476 1860 ab
509 1814 698 1877 uno,
738 1792 867 1883 qui
902 1802 1047 1859 tam
1077 1786 1336 1858 multas
1377 1791 1726 1857 sermonis
1756 1784 2091 1883 ambages
2134 1790 2355 1857 nescit

384 1916 559 2010 pati,
589 1908 991 1981 dissertatio
1019 1908 1264 1980 subito
1283 1908 1745 2007 abrumpitur
1772 1936 1789 1980 ε
1820 1939 1853 1975 (ε
1885 1914 2140 2006 Agrius
2164 1914 2351 1981 Fun-

384 2034 628 2124 danio,
665 2059 945 2121 vereor,
979 2036 1242 2129 inquit,
1277 2056 1368 2103 ne
1389 2048 1557 2104 ante
1590 2030 1894 2104 aedituus
1918 2038 2153 2105 veniat
2170 2032 2351 2125 hue,

383 2182 603 2254 quam
639 2156 812 2228 hinc
841 2156 932 2228 ad
967 2172 1309 2253 quartum
1337 2164 1579 2227 actum
1612 2154 2065 2243 accedamus,
2090 2155 2353 2231 vende-

384 2259 603 2353 miam
641 2286 834 2353 enim
879 2296 1228 2379 exspecto,
1271 2322 1374 2337 -
1405 2287 1606 2352 Bono
1660 2287 1901 2351 animo
1948 2306 2063 2372 eS,
2113 2285 2353 2377 inquit

385 2402 628 2477 Scrofa
667 2431 684 2474 ε
719 2386 998 2476 fiscinas
1019 2403 1345 2503 expediet
1386 2428 1473 2475 ac
1519 2428 1779 2475 urnam
1804 2412 1855 2474 ¹.
1887 2433 1942 2469 .»
1980 2406 2127 2474 Aut
2174 2402 2353 2473 alibi·

383 2552 615 2624 quum
649 2526 741 2597 de
773 2524 1100 2623 frugibus
1129 2524 1428 2597 dicunt:
1471 2556 1507 2593 α
1548 2530 1825 2623 AgriUS,
1858 2528 2005 2623 Jam
2034 2525 2347 2619 dudum,

381 2654 646 2747 inquit,
678 2654 751 2721 in
779 2647 947 2719 villa
975 2646 1228 2722 sedens
1257 2663 1559 2747 expecto
1588 2674 1756 2721 cum
1790 2650 1966 2721 clavi
1992 2666 2089 2739 te,
2112 2651 2345 2742 Stolo,

382 2773 562 2844 dum
617 2771 896 2845 fructus
929 2778 1002 2843 in
1037 2772 1282 2845 villam
1309 2772 1595 2846 referaS.
1645 2775 1807 2847 Ille:
1854 2806 1888 2841 «
1920 2780 2025 2846 En
2069 2773 2347 2848 adsum.

381 2902 636 2985 Venio,
672 2900 934 2993 inquit,
970 2896 1060 2968 ad
1093 2897 1340 2986 limen,
1377 2887 1569 2969 fores
1606 2904 1807 2997 aperi
1829 2911 1877 2969 ².
1922 2932 1955 2965 2>
1996 2906 2076 2971 In
2122 2900 2354 2999 pluri-

275 3027 282 3062 ³
384 3046 534 3093 mas
565 3045 983 3092 sermonum
1013 3036 1248 3119 partes
1276 3020 1547 3093 facetiae
1580 3030 1680 3095 sic
1703 3022 2175 3113 inducuntur,
2204 3051 2351 3096 non

382 3126 782 3237 admodum
797 3149 1189 3240 exquisitae,
1213 3160 1284 3216 at
1303 3169 1484 3241 quas
1501 3144 1667 3217 ideo
1684 3162 1959 3218 tantum
1982 3146 2355 3221 referimus

387 3281 468 3336 ut
498 3270 838 3337 Varronis
865 3266 1158 3360 jocandi
1197 3271 1380 3339 ratio
1413 3283 1577 3365 quae
1609 3273 1699 3339 sit
1729 3272 2148 3343 innotescat.

469 3392 880 3459 Occurrunt
907 3393 1126 3461 etiam
1147 3395 1444 3461 rusticas
1472 3396 1659 3461 inter
1682 3390 2141 3463 definitiones
2168 3398 2355 3467 inex-

382 3521 697 3609 spectata
741 3510 1074 3607 quaedam
1105 3525 1176 3583 et
1219 3512 1675 3611 simplicitate
1710 3519 2104 3613 gratissima
2129 3567 2148 3604 ,
2188 3540 2351 3612 quae

383 3648 640 3704 natura
674 3638 850 3731 ipsa,
902 3637 1163 3706 eximia
1213 3641 1567 3707 sermonis
1610 3634 1838 3723 altrix,
1885 3642 1957 3707 in
1998 3636 2223 3709 libros
2262 3636 2356 3710 de

381 3760 485 3828 Re
519 3760 809 3829 Rustica
842 3754 1131 3828 videtur
1164 3755 1526 3830 infudisse.
1566 3764 1944 3859 Optimum
1974 3759 2236 3832 herum
2266 3785 2353 3833 ac

464 3991 512 4024 1.
551 3978 728 4035 Varro,
752 3975 814 4025 de
841 3980 906 4030 R.
935 3980 1024 4039 R„
1055 3984 1099 4039 1,
1130 3980 1213 4031 26.

461 4080 512 4112 a.
660 4060 818 4123 Ibid„
1058 4070 1101 4129 1,
1135 4067 1217 4115 56.
