3059 5084
1550 511 1631 528 ....
1672 482 1751 544 1⁰
1792 512 1867 526 ..-

731 611 945 686 simul
967 616 1364 710 ingenuum
1381 616 1739 712 pictorem
1759 635 1833 682 se
1859 625 2146 709 praestat
2172 614 2431 707 Varro,
2458 633 2711 707 quum

734 734 1140 808 rusticalem
1165 733 1507 809 familiam
1529 748 1865 822 tractam,
1896 757 2120 830 quam
2145 727 2522 832 asperitate
2543 757 2717 831 spe-

733 861 924 930 ciosa
955 858 1214 930 vocale
1245 863 1785 930 ima-amentum
1814 854 2015 946 dicit,
2052 879 2303 930 curam
2331 855 2487 952 ejus
2512 855 2711 928 adeo

730 981 1032 1054 sollicite
1064 986 1386 1081 suscipit,
1423 991 1508 1054 ut
1542 979 1707 1054 talia
1741 985 2122 1080 praecipiat.
2162 1011 2198 1046 α
2236 981 2525 1066 Familia
2564 979 2713 1052 ubi

730 1119 1058 1178 versetur
1083 1103 1641 1204 providendum,
1674 1110 1733 1176 si
1758 1091 1927 1175 ¹fessi
1954 1127 2203 1203 opere,
2241 1117 2369 1174 aut
2402 1099 2709 1200 frigore,

731 1239 860 1297 aut
891 1225 1158 1316 calore,
1185 1239 1256 1298 et
1287 1225 1418 1297 ubi
1441 1213 2021 1300 commodissime
2053 1228 2327 1324 possint
2348 1248 2423 1295 se
2448 1228 2747 1320 quiete,

732 1355 1132 1450 reciperare
1155 1360 1206 1421 ¹.
1255 1382 1290 1420 »
1341 1357 1501 1425 Pari
1552 1332 1853 1424 affectus
1892 1349 2369 1424 sollicitudine
2416 1355 2561 1448 agit
2602 1347 2709 1422 de

727 1497 905 1546 cura
933 1479 1125 1546 circa
1139 1473 1367 1546 boves
1381 1481 1733 1548 aratorios
1748 1472 2202 1548 adhibenda:
2234 1501 2271 1539 α
2300 1476 2398 1543 Ut
2420 1471 2707 1544 viribus

729 1601 1004 1694 magnis
1035 1602 1176 1669 sint
1209 1623 1438 1696 pares,
1477 1623 1571 1670 ne
1602 1605 1674 1670 in
1711 1621 1931 1698 opere
1964 1597 2247 1670 firmior
2280 1596 2707 1668 imbecillio-

734 1745 886 1792 rem
919 1717 1256 1793 conficiat
1280 1733 1330 1792 ².
1379 1752 1414 1788 >>
1467 1726 1558 1793 Et
1588 1727 1663 1793 in
1696 1721 1957 1794 eodem
1998 1724 2229 1819 capite
2273 1717 2364 1790 de
2397 1717 2705 1792 novellis

723 1843 1050 1939 juvencis
1086 1869 1104 1914 ε
1147 1871 1182 1908 α
1211 1848 1321 1916 Ita
1345 1843 1859 1944 subigendum,
1892 1858 1977 1914 ut
2010 1848 2416 1916 minutatim
2451 1867 2699 1914 assue-

728 1966 1022 2057 faciant,
1053 1982 1125 2039 et
1149 1983 1236 2040 ut
1259 1974 1567 2042 tironem
1596 1995 1765 2042 cum
1790 1984 2131 2042 veterano
2160 1969 2549 2066 adjungant
2569 1962 2623 2039 3.
2656 1999 2695 2036 »

727 2089 932 2165 Tales
963 2099 1324 2166 sententiae
1352 2094 1548 2166 velut
1585 2094 1868 2177 incultae
1904 2110 1975 2168 et
2010 2093 2319 2180 humiles
2353 2098 2707 2167 Varronis

729 2230 1084 2315 praecepta
1120 2221 1218 2288 ita
1249 2214 1737 2314 distinguunt,
1773 2233 1857 2289 ut
1888 2223 2163 2316 saepius
2188 2223 2542 2292 incertum
2571 2220 2697 2305 sit,

729 2346 1098 2438 scriptoris
1111 2367 1196 2414 ex
1213 2344 1528 2440 ingenio,
1550 2367 1671 2432 an,
1686 2357 1773 2416 ut
1788 2347 1888 2414 ita
1903 2340 2165 2431 dicam,
2192 2367 2275 2413 ex
2291 2345 2515 2440 ipsius
2536 2365 2701 2439 pro-

731 2469 947 2564 positi
977 2464 1372 2538 visceribus
1404 2464 1841 2539 effluxerint.

752 2675 758 2680 .
830 2593 1048 2666 Primi
1082 2591 1300 2686 hujus
1333 2591 1502 2662 libri
1540 2596 1910 2691 repentina
1950 2591 2037 2663 fit
2067 2605 2139 2662 et
2169 2588 2481 2694 abrupta
2519 2613 2699 2662 con-

731 2714 960 2788 clusio
999 2743 1016 2788 :
1049 2714 1321 2806 aeditui,
1366 2742 1587 2814 quem
1621 2742 1871 2790 omnes
1910 2695 2357 2816 exspectant,
2394 2713 2701 2818 libertus

731 2837 981 2912 subito
1015 2843 1090 2911 in
1125 2840 1575 2938 colloquium
1622 2841 2011 2931 intercidit3
2056 2855 2153 2930 et,
2194 2842 2699 2935 interroganti-

731 2962 874 3034 bus
901 2989 1070 3036 eum
1089 2963 1181 3036 de
1202 2965 1385 3037 hero
1397 2964 1969 3038 collocutoribus
1995 2991 2011 3036 x
2041 2995 2077 3032 α
2105 2963 2234 3036 1116
2255 2962 2436 3034 flens
2454 2976 2704 3034 narrat

734 3086 828 3160 ab
850 3093 1092 3161 nescio
1111 3115 1262 3187 quo
1286 3115 1708 3189 percussum
1727 3088 2019 3161 cultello
2035 3088 2455 3176 concidisse,
2478 3111 2701 3186 quem

734 3218 864 3310 qui
926 3227 1109 3284 esset
1159 3212 1727 3285 animadvertere
1773 3218 1847 3285 in
1892 3211 2112 3286 'turba
2152 3237 2301 3284 non
2357 3215 2701 3312 potuisse,

732 3335 861 3407 sed
909 3336 1412 3410 tantummodo
1445 3336 1811 3408 exaudisse
1842 3361 2095 3408 vocem
2117 3389 2137 3425 ,
2186 3358 2562 3435 perperam
2602 3329 2703 3410 fe-

735 3464 911 3532 cisse
933 3457 990 3530 4.
1049 3490 1084 3526 ‚2
1141 3459 1248 3532 Ad
1291 3459 1488 3532 hunc
1540 3484 1787 3534 casum
1830 3465 1961 3556 qui
2007 3482 2211 3530 more
2262 3456 2580 3529 fulminis
2625 3459 2701 3526 in

813 3751 862 3788 1.
899 3739 1082 3797 Varro,
1110 3735 1173 3786 de
1198 3740 1263 3788 R.
1289 3739 1378 3798 R..
1406 3741 1452 3798 1,
1480 3739 1569 3787 26.

806 3840 858 3877 a.
1043 3819 1197 3883 md„
1409 3827 1451 3882 1,
1476 3839 1557 3874 ao.

805 3912 861 3965 3.
1041 3906 1194 3970 Ιόἰᾰ.,
1283 3971 1288 3974 ¹
1403 3913 1448 3972 1,
1482 3926 1564 3963 ao.

811 4010 862 4059 4.
918 4045 922 4050 .
1043 3996 1192 4064 1hid.‚
1402 4002 1446 4062 1,
1475 3999 1564 4063 69.
