3059 5084
1287 516 1391 545 .--
1431 484 1508 549 31
1552 514 1633 532 -

489 615 584 689 ad
611 629 849 687 utram
866 610 1132 713 dialogi
1148 611 1484 705 formam,
1510 612 1912 687 Platonisne
1954 638 2045 687 an
2066 619 2457 711 Ciceronis„

489 768 854 819 sermones
875 747 1222 817 Varronis
1255 743 1608 818 referendi
1644 746 1828 817 sint?
1954 836 1959 840 υ

592 868 806 941 Plane
837 868 1426 969 respondeamuS,
1463 869 1557 943 ad
1590 886 1952 963 neutram,
1990 869 2349 969 siquidem
2374 894 2461 944 ea

493 992 802 1065 vidimus
825 990 976 1063 duo
999 998 1185 1065 inter
1198 992 1351 1066 haec
1374 998 1733 1094 praecipua
1763 1018 2025 1091 genera
2051 993 2466 1067 incedentes

497 1130 624 1191 aut
650 1114 1069 1205 titubantes,
1103 1130 1326 1213 atque
1361 1120 1434 1186 in
1467 1115 1791 1188 medium
1820 1116 1936 1189 vel
1968 1122 2211 1218 potius
2238 1115 2468 1189 ambi·

499 1264 727 1339 guum
760 1242 1121 1311 tramitem
1150 1239 1573 1311 inducentes
1591 1245 1893 1311 mixtum
1926 1238 2300 1337 quoddam
2322 1238 2471 1312 dia-

499 1365 648 1463 logi
697 1386 920 1463 genus
960 1388 1095 1437 nec
1140 1362 1545 1462 probabile,
1590 1388 1722 1435 nec
1772 1364 2145 1453 imitabile,
2192 1368 2469 1463 quippe

503 1494 808 1561 nimium
843 1488 1191 1561 abhorret
1222 1486 1316 1558 ab
1343 1486 1481 1559 hac
1503 1486 1840 1586 praeclara
1870 1486 2334 1585 colloquendi
2361 1511 2474 1559 ra-

505 1619 726 1705 tione,
773 1612 866 1687 ad
905 1619 1326 1713 gravitatem
1369 1629 1497 1686 aut
1540 1611 2146 1687 oblectamentum
2182 1619 2477 1686 omnino

504 1750 943 1836 comparata,
997 1762 1219 1835 quam
1268 1742 1528 1831 summi
1580 1751 1898 1809 oratores
1940 1753 2011 1809 et
2058 1737 2477 1839 philosophi

502 1858 1210 1932 commendaverunt.

599 1988 942 2055 Varronis
978 1982 1459 2080 colloquium,
1496 1996 1583 2053 ut
1613 1978 2274 2072 animadvertimus,
2311 1982 2474 2082 plu-

506 2109 704 2178 rimis
749 2111 826 2178 in
870 2107 1197 2205 partibus
1240 2106 1544 2178 fluctuat
1560 2158 1579 2195 ,
1627 2118 1951 2203 vagatur,
2003 2104 2106 2176 nil
2138 2110 2314 2178 certi
2346 2119 2476 2178 aut

508 2236 776 2331 provisi
819 2232 1062 2305 habet.
1101 2232 1432 2305 Fluctuat
1476 2230 1772 2329 quidem
1812 2236 2192 2329 saepissime
2243 2231 2473 2323 Plato,

509 2355 722 2448 ludit,
768 2356 997 2429 multa
1029 2356 1343 2429 occultat
1363 2410 1383 2448 ,
1421 2355 1651 2428 multa
1682 2352 1982 2427 arbitrio
2016 2354 2327 2427 obnoxia
2358 2380 2475 2427 re-

507 2476 794 2575 linquit.
829 2481 1011 2569 Quis
1041 2501 1213 2549 vero
1247 2502 1395 2549 non
1428 2461 1623 2547 ultro
1651 2476 1929 2548 Platoni
1956 2456 2306 2551 concedat
2335 2477 2481 2551 hoc

508 2600 874 2692 infinitum
919 2600 1383 2697 colloquendi
1431 2598 1547 2671 vel
1600 2596 1918 2697 fingendi
1962 2600 2317 2698 spatium?
2358 2604 2481 2673 Li·

511 2721 684 2795 bere
705 2727 898 2795 enim
926 2721 1193 2794 incedit
1215 2737 1290 2794 et
1313 2746 1462 2794 sese
1492 2720 1585 2795 ad
1617 2721 1927 2813 honesti,
1954 2728 2137 2813 veri,
2159 2723 2480 2823 pulchri,

512 2847 675 2918 coeli
711 2845 1004 2937 demum
1068 2844 1751 2945 contemplationem
1794 2843 2051 2917 evehit.
2087 2852 2321 2919 Varro
2356 2871 2485 2918 au·-

511 2984 654 3043 tem
684 2976 982 3041 omnino
1017 2985 1124 3041 est
1145 2968 1408 3042 affixus
1442 2985 1676 3060 terrae,
1716 2994 1938 3069 opere
1966 2986 2298 3070 suscepto
2330 2984 2485 3043 tan-

516 3110 672 3166 tum
697 3092 787 3169 ad
815 3095 1224 3183 utilitatem,
1249 3093 1360 3165 ad
1355 3096 1720 3186 fructum,
1752 3108 1837 3165 ut
1858 3097 1977 3166 ait.
1999 3094 2220 3187 Quod
2242 3107 2486 3167 autem

517 3222 582 3287 ei
637 3216 990 3317 placuerit
1055 3218 1627 3290 dissertationem
1690 3220 2032 3289 rusticam
2088 3222 2490 3291 instituenti

513 3338 748 3411 libero
779 3347 890 3413 uti
930 3338 1397 3438 colloquendi
1435 3340 1765 3431 arbitrio,
1801 3340 1971 3413 inde
2003 3340 2156 3412 haec
2194 3339 2301 3411 illi
2337 3334 2486 3412 sce-

517 3469 677 3537 nica
727 3468 914 3537 actio
959 3464 1317 3538 fluctuans
1369 3480 1442 3537 et
1491 3490 1695 3564 vaga,
1754 3481 2055 3537 eventus
2106 3470 2488 3566 inopinati,

523 3589 1055 3688 inexplicabiles
1099 3594 1348 3677 exitus,
1375 3614 1705 3688 personae
1740 3587 2007 3679 dubiae,
2048 3593 2343 3686 ignotae,
2378 3586 2496 3659 vel

521 3718 730 3784 etiam
762 3711 1037 3784 umbrae
1063 3717 1333 3784 inaneS.
1380 3716 1718 3782 Scenicus
1744 3726 1869 3783 aut
1901 3710 2106 3783 divus
2146 3724 2254 3782 est
2294 3709 2496 3782 Plato

522 3860 757 3932 quum
776 3835 1245 3934 colloquitur,
1261 3850 1337 3907 at
1353 3838 1590 3907 Varro
1604 3832 2112 3905 tantummodo
2132 3830 2498 3905 fortuitus·

619 3964 874 4056 Itaque
916 3956 1062 4029 hoc
1100 3955 1272 4029 licet
1310 3953 1703 4046 affirmare,
1752 3954 2023 4029 scilicet
2058 3959 2367 4029 Varroni
2408 3954 2503 4029 de
