3059 5084
1531 550 1613 567 ...
1650 518 1733 582 102
1768 548 1851 565 ...-

702 646 860 720 illas
893 646 1412 747 disputationes
1431 699 1450 738 ‚
1479 646 1691 719 dubii
1725 650 2005 746 generis
2033 666 2219 743 opus
2244 656 2318 714 et
2347 642 2662 741 quadam

703 796 788 843 ex
819 785 1022 871 parte
1053 771 1488 862 claudicanS,
1521 770 1874 870 quodque
1902 768 1994 843 ad
2028 773 2238 841 Ennii
2288 782 2361 840 et
2378 772 2663 840 Catonis

701 899 946 994 potius
979 919 1202 993 quam
1237 894 1330 967 ad
1371 898 1736 967 Ciceronis
1769 907 2047 968 aetatem
2086 896 2449 992 pertinere
2470 890 2659 964 haud

697 1022 1062 1092 immerito
1095 1025 1258 1118 quis
1292 1018 1570 1092 dixerit.
1878 1094 1883 1101 ,

795 1148 996 1215 Hanc
1028 1141 1336 1216 formam
1368 1142 1637 1243 dialogi
1664 1148 1977 1242 suscepit
2001 1156 2127 1215 aut
2157 1138 2249 1214 ad
2273 1166 2349 1213 se
2380 1164 2663 1213 revoca-

697 1270 802 1338 vit
828 1292 990 1364 quae
1022 1267 1314 1368 vigebat
1343 1294 1579 1366 quum
1610 1272 2029 1369 Menippeas
2062 1266 2402 1367 fingeret,
2446 1290 2665 1365 opera

696 1406 892 1465 certe
900 1392 1247 1490 juvenilia
1263 1404 1312 1463 ¹.
1337 1392 1738 1466 Graeculam
1754 1392 2088 1482 formam,
2109 1392 2468 1493 plautinos
2489 1388 2665 1461 sales

699 1514 1029 1587 nondum
1099 1522 1396 1587 omnino
1463 1541 1797 1588 excussos
1841 1515 2163 1607 admisit;
2211 1516 2664 1614 octogenarie

696 1638 1122 1735 colloquens
1163 1646 1414 1739 garriit
1462 1666 1664 1712 more
1712 1664 1965 1713 senum
2013 1644 2086 1710 in
2132 1663 2320 1736 quos
2366 1635 2665 1711 infantia

696 1767 1027 1835 recurrit.
1065 1763 1240 1836 Inde
1275 1760 1691 1836 inducimur
1712 1779 1795 1836 ut
1822 1762 1913 1836 ad
1940 1768 2163 1835 aetatis
2185 1761 2462 1834 diversa
2495 1778 2667 1833 tem-

693 1909 872 1986 pora
909 1885 1302 1959 referamus
1345 1904 1585 1988 partes
1625 1886 1983 1960 librorum
2018 1886 2353 1959 diversas,
2401 1892 2663 1959 Parum

694 2017 887 2084 enim
917 2014 1298 2085 verisimile
1323 2014 1537 2085 nobis
1570 2019 1804 2085 visum
1828 2028 1935 2085 est
1958 2010 2295 2085 eumdem
2322 2016 2561 2083 virum
2587 2016 2663 2081 in

694 2134 956 2208 eodem
991 2160 1212 2235 opere
1246 2135 1459 2207 fuisse
1509 2135 1723 2209 simul
1768 2151 1840 2209 et
1883 2141 2347 2234 menippeum
2392 2150 2463 2206 et
2494 2140 2662 2207 aris-

698 2260 1092 2333 totelicum.
1133 2266 1268 2332 Hic
1295 2265 1735 2359 suspicantes
1762 2258 2036 2357 aliquid
2072 2256 2163 2330 de
2194 2258 2473 2329 vicibus
2499 2272 2661 2329 aeta·

694 2387 784 2454 tis
817 2407 903 2454 ex
929 2381 1337 2455 diversitate
1357 2380 1633 2474 formae,
1669 2381 1861 2455 hanc
1891 2381 2315 2453 divisionem
2361 2384 2519 2451 ausi
2552 2404 2665 2450 su·-

696 2531 858 2577 mus
877 2562 896 2599 ‚
926 2532 1148 2604 quam
1186 2523 1426 2580 tamen
1453 2514 1715 2579 iterum
1736 2506 2170 2608 profitemur
2203 2530 2337 2577 nos
2382 2520 2661 2577 tantum

693 2653 831 2726 pro
865 2629 1280 2725 conjectura
1313 2629 1683 2704 adhibere.
1723 2630 2053 2703 Viderint
2088 2628 2443 2701 doctiores
2483 2626 2660 2725 quid

693 2750 786 2821 de
813 2751 957 2824 hoc
979 2750 1482 2847 judicandum,
1501 2770 1575 2826 et
1605 2770 1853 2826 utrum
1882 2752 2079 2826 illam
2112 2756 2546 2841 examinare,
2569 2774 2661 2823 an

694 2880 991 2946 omnino
1026 2876 1321 2972 rejicere
1349 2892 1703 2975 oporteat.
1744 2934 1748 2938 -

791 3002 863 3071 Si
897 3013 1136 3071 tamen
1169 2999 1613 3072 concedatur
1637 3000 1855 3072 nobis
1888 2999 1979 3071 de
2013 3004 2337 3071 Varrone
2368 2999 2527 3095 ipso
2560 2994 2664 3067 ul-

693 3126 867 3193 tima
900 3128 1275 3214 sententia,
1325 3148 1721 3215 censemuS,
1758 3138 1844 3196 ut
1890 3129 1963 3194 in
2010 3146 2229 3223 opere
2269 3127 2475 3219 quasi
2512 3118 2662 3191 duo

688 3366 805 3432 cho,
841 3368 927 3435 qui
950 3370 1149 3421 Graeciae
1176 3370 1273 3420 vita
1299 3370 1454 3436 qualis
1480 3369 1625 3421 fuerit
1654 3370 1717 3421 ab
1753 3368 1912 3436 initio,
1942 3367 2083 3419 nobis
2105 3364 2336 3427 ostendit,
2362 3372 2411 3415 ut
2442 3362 2659 3431 superio·

687 3456 822 3507 ribus
845 3458 1138 3525 temporibus
1166 3458 1311 3509 fuisse
1333 3458 1524 3516 doceat.
1548 3475 1657 3509 cum
1686 3457 1904 3509 homines
1930 3453 2239 3523 peston-iciam
2268 3453 2413 3503 vitam
2438 3461 2656 3519 agerent,

687 3558 848 3611 neque
873 3544 1053 3595 scireut
1073 3545 1220 3596 etiam
1245 3561 1383 3596 arare
1409 3556 1587 3597 terram
1604 3582 1618 3608 ,
1644 3554 1730 3596 aut
1751 3560 1911 3597 serere
1927 3543 2145 3605 arbores,
2174 3550 2262 3593 aut
2284 3551 2486 3610 putare;
2507 3540 2571 3591 ab
2588 3538 2663 3591 his

687 3631 916 3687 inferiore
944 3632 1095 3700 gradu
1129 3632 1281 3685 aetatis
1310 3642 1579 3701 susceptam
1610 3633 1966 3701 agriculturam.
2214 3706 2217 3709 ⁴

1682 3723 1896 3785 (Varro,
1919 3720 1979 3771 de
2002 3723 2065 3774 R.
2095 3724 2188 3782 Β..
2216 3724 2264 3784 1,
2288 3720 2380 3783 a.)

765 3852 813 3889 1.
851 3838 911 3887 Et
939 3845 1102 3887 tamen
1133 3834 1182 3886 in
1212 3834 1307 3885 iltis
1345 3833 1597 3885 veteribus
1625 3834 1821 3898 nostris,
1860 3850 1969 3903 que
1996 3832 2283 3902 Menippum
2320 3831 2525 3898 imitati,
2559 3848 2661 3883 non

686 3924 1006 3992 interpretati,
1031 3925 1242 3991 quadam
1275 3924 1516 3977 hilaritate
1558 3924 1925 3993 comperuimus,
1954 3924 2109 3975 multa
2143 3922 2355 3974 admixta
2390 3939 2451 3973 ex
2492 3920 2661 3973 intima

684 4011 1007 4083 philosophia,
1037 4013 1188 4065 multa
1209 4012 1338 4067 dicta
1359 4012 1625 4065 dialectice.
2009 4013 2030 4078 (
2052 4006 2290 4063 Academ.
2312 4016 2380 4077 11,
2404 4028 2440 4061 1.
2460 4008 2477 4078 )
