3059 5084
1222 512 1298 524 -.
1338 478 1418 542 33
1459 512 1536 524 -.

399 572 801 674 Varronem
817 596 1098 671 tradere
1117 598 1298 696 quid
1312 596 1643 671 vetabat?
1664 596 1917 691 Qualis
1932 612 2172 670 autem
2194 596 2361 670 doc-

403 728 632 800 trina?
649 725 932 796 Scilicet
949 722 1346 797 admodum
1366 724 1567 813 leviS‚
1590 727 1649 795 si
1671 749 1818 795 non
1838 749 2135 822 prorsus
2158 747 2359 796 men·

359 932 368 939 .
402 848 599 923 dosa.
634 847 814 920 Inde
839 846 1273 921 effluxerunt
1296 852 1414 921 isti
1445 847 1693 919 insulsi
1725 862 1797 919 et
1824 872 2021 919 nunc
2048 846 2365 943 J'acentes

403 972 495 1073 de
543 972 869 1063 historia,
916 977 1378 1061 astronomia,
1419 970 1887 1071 mythologia,
1928 987 2055 1044 aut
2092 970 2369 1071 planta-

337 1148 344 1157 ,
405 1118 568 1167 rum
589 1096 872 1168 cultura
901 1120 1284 1168 sermones.
1311 1099 1497 1166 Cum
1515 1095 1951 1192 quibuonon
1974 1100 2025 1165 ii
2046 1094 2369 1194 profecto

406 1217 823 1291 conferendi
851 1234 1021 1291 sunt
1034 1224 1374 1292 Varronis
1400 1217 1591 1308 libri,
1610 1215 2084 1317 quiquidem,
2118 1234 2203 1291 ut
2223 1244 2373 1291 non

405 1349 547 1417 sint
595 1345 873 1445 ubique
921 1343 1217 1445 perfecti
1238 1400 1258 1438 ,
1318 1344 1645 1445 leporem
1689 1359 1925 1417 tamen
1977 1325 2374 1444 ingenuum

406 1450 814 1567 quemdam'
852 1469 1275 1569 praeferunt,
1325 1485 1397 1541 et
1429 1469 1914 1543 venerandam
1962 1470 2158 1543 illam
2202 1476 2380 1542 anti-

409 1600 761 1691 quitatem
791 1600 866 1668 in
903 1600 1101 1667 omni
1134 1609 1337 1695 parte
1365 1593 1722 1683 redolent,
1758 1611 1831 1668 et
1862 1616 2051 1693 quos
2082 1594 2380 1667 demum

408 1722 776 1792 immerito
828 1718 1126 1792 forsitan
1172 1718 1891 1818 reprehenderemuS,
1940 1725 2073 1790 nisi
2119 1724 2195 1789 in
2240 1718 2383 1789 hoc

411 1850 672 1942 genere
706 1844 1053 1942 colloquii
1099 1844 1434 1917 sublimia
1467 1859 1540 1916 et
1571 1842 1808 1917 divina
1851 1844 2167 1944 exempla
2206 1848 2387 1917 anti-

413 1973 654 2064 quitas
680 1970 836 2068 ipsa
856 1948 1232 2068 praeberet,

1219 2466 1225 2471 ,
1294 2385 1484 2455 VIII.

515 2734 656 2802 Res
685 2745 790 2803 est
835 2714 1077 2803 autem
1123 2735 1411 2832 gravior
1456 2730 1532 2804 et
1571 2730 1807 2805 multo
1848 2731 2015 2833 plus
2046 2733 2389 2833 ponderis

419 2855 718 2947 hahenS,
754 2882 914 2955 quae
942 2856 1152 2929 nobis
1186 2856 1404 2953 obji'ci
1430 2862 1686 2957 potest.
1702 2858 1939 2950 Quid?
1969 2865 2075 2931 rei
2107 2865 2388 2933 rusticae

421 2980 688 3081 dialogi
714 2980 1024 3055 formam
1051 2981 1398 3073 detrahis,
1434 2994 1522 3054 ut
1566 3008 1731 3081 quae
1785 2988 1890 3055 rei
1944 2982 2388 3057 didascalicae

421 3129 886 3202 nequaquam
915 3110 1008 3176 sit
1049 3120 1522 3180 consentanea
1548 3134 1568 3197 3
1607 3105 1789 3204 quid
1821 3122 2061 3181 tamen
2090 3134 2385 3183 censen·

424 3231 602 3304 dum
655 3248 761 3336 est
810 3230 903 3303 de
959 3231 1443 3331 Xenophonte
1497 3238 1627 3344 qui
1675 3232 1917 3306 dicens
1970 3233 2060 3308 de
2110 3242 2390 3335 generis

425 3354 748 3452 ejusdem
779 3360 1109 3447 materia,
1144 3354 1779 3429 Administratione
1826 3361 2263 3448 Domestica,
2318 3375 2391 3431 et

425 3481 791 3585 plurima
787 3486 1002 3587 etiam
1035 3484 1112 3553 in
1143 3480 1300 3553 hoc
1345 3479 1539 3552 libro
1581 3480 1949 3555 disserens
1964 3483 2057 3556 de
2087 3484 2391 3583 agricul-

427 3621 616 3697 tura,
655 3576 1004 3703 colloquii
1028 3602 1338 3677 formam
1365 3580 1717 3679 adhihere
1739 3632 1887 3680 non
1914 3608 2395 3681 dubitaverit?

522 3732 688 3800 Non
721 3752 1032 3828 semper,
1063 3742 1149 3800 ut
1193 3726 1393 3828 apud
1428 3755 1679 3803 omnes
1710 3747 2013 3821 constat,
2064 3756 2179 3803 res
2196 3737 2396 3807 inter

427 3874 725 3951 prorsus
756 3851 1092 3943 diversas,
1122 3849 1248 3923 sed
1274 3859 1526 3952 saepius
1554 3860 1739 3927 inter
1760 3855 1907 3928 fere
1930 3856 2218 3947 similes,
2245 3856 2395 3931 fere

431 3990 788 4073 cognataS,
846 3974 1139 4047 demum
1176 4000 1308 4073 per
1343 3966 1535 4047 viam
1568 3979 1910 4078 analogiae
1945 4006 2149 4052 error
2210 4004 2401 4051 enas-

1545 4110 1553 4119 “
2081 4105 2117 4165 3
