3059 5084
1491 481 1573 498 -..
1606 451 1691 516 8⁰
1727 485 1803 498 ...

669 583 1124 657 residentes¹.
1151 614 1186 652 n
1236 585 1375 656 Aut
1413 608 1649 681 quum
1690 588 1764 654 in
1796 580 2049 656 iisdem
2076 581 2488 681 colloquiis,
2541 607 2629 656 ex

670 705 812 778 hoc
836 705 1360 802 jucundissimo
1387 704 1699 778 Phaedri
1720 704 1881 778 loco
1914 704 2311 803 plurimum
2350 719 2631 777 senten·

669 834 786 900 tiae
838 829 1059 901 trahit
1111 827 1520 902 oblectandi
1565 850 1783 901 causa
1842 832 2153 900 materiae
2209 833 2627 927 gravitatem

673 961 1088 1028 amoenitate
1117 955 1450 1028 locorum
1466 966 1522 1025 ².

772 1081 981 1182 Apud
1006 1085 1404 1154 Varronem
1457 1094 1701 1152 autem
1752 1077 2013 1153 frustra
2071 1085 2485 1179 quaesiveris
2540 1079 2631 1154 ad

672 1203 1020 1300 colloquii
1058 1227 1340 1274 scenam
1377 1202 1528 1273 haec
1559 1201 2012 1291 umbracula,
2052 1201 2205 1274 haec
2234 1208 2489 1292 vireta,
2524 1203 2635 1274 lae-

671 1343 820 1399 tam
851 1326 1185 1417 insulam,
1221 1331 1412 1424 ripas
1437 1326 1617 1396 Ilissi
1644 1340 1771 1396 aut
1791 1329 2003 1414 Liris,
2032 1325 2403 1425 platanum
2423 1341 2494 1399 et
2510 1353 2636 1426 po-

673 1449 910 1548 pulos
961 1452 1188 1547 Magis
1227 1447 1330 1518 illi
1362 1448 1635 1548 placuit
1664 1471 1889 1520 scenae
1912 1447 2178 1547 dialogi
2211 1449 2637 1522 instruendae

675 1571 878 1645 locus
911 1571 1189 1643 alienus
1217 1586 1292 1642 et
1321 1571 1520 1643 sedes
1541 1585 1810 1643 temere
1832 1587 2105 1671 parata,
2123 1596 2343 1670 quam
2368 1599 2454 1646 ea
2478 1599 2637 1672 quae

674 1700 826 1795 ipsa
861 1701 1172 1774 materiae
1203 1710 1459 1767 natura
1497 1693 1971 1794 praebebatur.
2022 1695 2194 1768 Inde
2226 1697 2439 1769 nobis
2465 1721 2637 1769 con·

676 1815 1010 1890 firmatur
1028 1819 1180 1890 haec
1199 1822 1470 1916 opinio,
1492 1842 1640 1889 non
1660 1816 1877 1890 fuisse
1903 1834 2282 1918 cognatam
2297 1823 2639 1893 Varronis

675 1946 1052 2040 proposito
1086 1939 1351 2039 dialogi
1385 1937 1730 2030 formam,
1773 1966 1935 2038 quae
1976 1940 2157 2013 nihil
2188 1948 2255 2013 ei
2295 1941 2636 2042 suppedi-

677 2069 882 2153 tavit,
912 2085 1596 2159 quum-sermonum
1630 2062 1957 2161 exempla
1987 2078 2314 2135 veterum
2357 2081 2639 2136 senten-

675 2188 810 2258 tias
832 2200 980 2257 tam
1002 2201 1330 2256 venustas
1361 2200 1433 2257 et
1454 2183 1548 2257 ad
1584 2210 1735 2256 rem
1764 2185 2056 2258 idoneas
2075 2186 2637 2286 suppeditarent.

673 2316 875 2383 Hanc
925 2310 1183 2383 habuit
1237 2310 1460 2382 veluti
1515 2315 1869 2382 musicum
1902 2310 2199 2409 aliquod
2235 2336 2591 2410 organum
2612 2366 2635 2402 ,

567 2466 572 2472 ·
673 2434 879 2532 quod
910 2438 1097 2506 inter
1128 2458 1386 2505 manus
1419 2432 1639 2505 rudes
1668 2448 1743 2504 et
1773 2440 2139 2532 imperitas
2178 2433 2399 2507 dubie
2426 2449 2499 2506 et
2529 2441 2639 2507 in·

673 2556 962 2630 condite
989 2571 1215 2628 sonat.
1236 2560 1480 2646 Quare
1496 2579 1671 2626 vero
1688 2562 2071 2656 arripuerit
2093 2557 2237 2628 hoc
2256 2581 2634 2656 organum,

669 2683 878 2778 cujus
914 2679 1114 2754 rudis
1137 2676 1517 2778 paululum
1549 2693 1703 2751 erat
1735 2692 2102 2773 tractator,
2126 2678 2313 2754 infra
2344 2680 2643 2754 tentabi-

672 2829 835 2876 mus
869 2801 1274 2901 explanare.

768 2931 980 3001 Nunc
1005 2951 1186 2999 vero
1221 2925 1579 2999 solvamus
1604 2924 1681 2996 id
1714 2920 1918 3023 quod
1947 2939 2059 2996 est
2090 2930 2165 3000 in
2201 2929 2641 3023 quaestione:

751 3120 799 3156 1.
831 3101 1008 3163 Cicer„
1031 3105 1107 3152 De
1122 3099 1248 3170 leg„
1278 3106 1320 3166 1,
1343 3115 1397 3154 v.

743 3204 796 3238 α.
837 3188 1007 3251 Quint.
1037 3215 1103 3226 —-
1119 3187 1218 3238 Sed
1241 3195 1436 3238 ventum
1454 3185 1507 3238 in
1531 3185 1734 3238 insulam
1760 3195 1852 3238 est.
1884 3191 1989 3238 Bae
2012 3203 2129 3238 vero
2152 3187 2273 3239 nihil
2292 3199 2366 3241 est
2391 3187 2641 3276 amoenius.

671 3280 746 3327 Ita
771 3276 900 3328 enim
922 3275 1019 3326 hoc
1041 3276 1179 3342 quasi
1205 3285 1364 3326 rostro
1395 3275 1599 3326 finditur
1620 3275 1876 3341 Fibrenus,
1905 3285 1956 3325 et
1982 3275 2159 3326 divisus
2177 3277 2428 3344 aequaliter
2450 3278 2501 3328 in
2520 3278 2643 3329 duas

673 3373 834 3431 partes
857 3363 1014 3413 latera
1052 3363 1158 3412 hoec
1192 3362 1330 3413 alluit
1346 3399 1362 3425 ,
1398 3363 1665 3430 rapideque
1690 3361 1901 3430 dilapsus
1936 3361 2032 3412 cito
2064 3365 2117 3414 in
2153 3379 2304 3414 unum
2329 3365 2529 3416 confluit
2544 3403 2559 3426 ‚
2594 3374 2643 3417 et

671 3461 858 3502 tantum
879 3450 1214 3518 complectitur
1235 3451 1368 3517 quod
1401 3450 1516 3502 satis
1559 3451 1622 3500 sit
1648 3449 1847 3500 modieae
1881 3451 2132 3516 palaestrae,
2162 3452 2272 3506 loci.
2298 3455 2410 3516 Quo
2446 3453 2642 3517 effecto,

672 3550 905 3606 tanquam
934 3539 992 3589 id·
1017 3527 1240 3588 habuerit
1263 3536 1424 3605 operis
1451 3553 1510 3588 ac
1533 3538 1746 3588 muneris
1762 3572 1778 3597 ‚
1816 3546 1868 3588 ut
1904 3537 2031 3588 hanc
2066 3539 2207 3590 nobis
2234 3540 2447 3592 efficeret
2480 3543 2641 3593 sedem

673 3623 738 3676 ad
756 3622 1117 3691 disputandum,
1142 3621 1301 3672 statim
1321 3621 1589 3688 praecipitat
1610 3621 1662 3671 in
1688 3620 1871 3684 Lirem,
1894 3630 1975 3684 et,
2000 3621 2138 3689 quasi
2160 3623 2209 3673 in
2237 3623 2467 3676 familiam
2497 3625 2640 3693 patri·

673 3713 797 3764 ciam
820 3711 1033 3776 venerit,
1053 3709 1231 3762 amitiit
1255 3725 1430 3759 nomen
1454 3709 1722 3776 obscurius,
1744 3708 2005 3776 Liremque
2024 3710 2176 3760 multo
2195 3711 2475 3776 gelidiorem
2503 3711 2640 3766 facit.

673 3805 781 3855 Nec
805 3801 935 3852 enim
955 3800 1050 3851 hoc
1087 3797 1304 3865 frigidius
1341 3797 1525 3848 flumen
1558 3797 1693 3865 attigi
1711 3833 1729 3860 ,
1770 3815 1922 3865 quum
1958 3799 2021 3850 ad
2056 3800 2211 3850 multa
2251 3801 2549 3865 accesserim,
2588 3811 2640 3853 ut

675 3889 758 3942 vix
790 3888 916 3957 pede
937 3895 1124 3940 teum
1145 3885 1196 3938 id
1221 3885 1432 3955 poenino
1462 3885 1595 3954 quod
1628 3885 1681 3942 in
1708 3883 1917 3938 Phaedro
1942 3887 2156 3938 Platonis
2182 3885 2295 3939 feeit
2320 3891 2559 3942 socrates.

1786 3974 1897 4038 (De
1922 3975 2073 4044 begu,
2104 3979 2175 4038 11,
2205 3976 2294 4042 3.)
