3059 5084
1252 518 1329 533 -
1371 488 1450 553 15
1487 514 1571 535 ...-

428 632 817 709 senescant,
861 618 1107 715 ita'que
1133 616 1623 692 deliniendum
1654 624 1725 691 in
1753 624 2111 693 nutricatu
2142 620 2394 721 pabuli

426 740 750 815 bonitate
789 768 806 814 ε
851 758 925 815 et
959 767 1001 816 a
1041 740 1307 843 frigore
1346 758 1419 815 et
1456 746 1633 816 aestu
1680 769 1771 815 ne
1810 744 1991 842 quid
2021 744 2385 836 laborent,

425 860 848 937 curandum.
892 897 926 933 n
981 866 1376 941 Delicatam
1407 882 1482 939 et
1510 892 1681 939 vere
1710 873 2085 966 antiquam
2118 868 2394 969 simpli·-

425 984 694 1061 catem!

517 1115 790 1184 Verum
820 1126 988 1211 post
1022 1110 1176 1186 haec
1213 1127 1287 1185 et
1329 1112 1498 1185 talia
1516 1164 1538 1204 ,
1582 1136 2041 1211 nequaquam
2082 1128 2189 1186 est
2221 1138 2390 1214 pro-

427 1233 710 1309 banda
683 1260 930 1333 jocosa
961 1236 1118 1311 haec
1149 1236 1404 1311 allusio
1427 1263 1563 1338 per
1595 1262 1816 1337 quam
1849 1264 2041 1311 unus
2080 1264 2121 1311 e
2161 1238 2393 1313 collo·-

424 1358 800 1434 cutoribus
824 1358 917 1432 de
942 1365 1140 1459 agnis
1155 1359 1251 1433 ad
1269 1361 1573 1461 capellas
1598 1386 1998 1435 sermonem
2019 1362 2391 1437 transfert.

432 1512 468 1549 α
499 1486 678 1555 Satis
705 1481 986 1571 halasti,
1025 1508 1072 1556 o
1100 1483 1432 1557 Faustule
1447 1499 1729 1575 noster;
1762 1489 2007 1585 accipe
2024 1508 2203 1557 ame
2220 1506 2391 1557 cum

424 1609 810 1679 Homerico
847 1606 1244 1680 Melanthio
1279 1605 1522 1679 Cordo
1542 1606 1637 1679 de
1682 1606 1996 1707 capellis,
2032 1622 2105 1681 et
2140 1634 2395 1707 quem-

426 1731 821 1804 admodum
867 1746 1195 1833 oporteat
1236 1731 1549 1805 breviter
1587 1729 1825 1803 dicere
1857 1729 2080 1824 disce,
2129 1746 2265 1805 etc.
2295 1742 2318 1777 ¹
2350 1762 2387 1799 n

423 1861 662 1955 Friget
693 1862 825 1929 iste
855 1855 1163 1948 balatuS‚
1197 1871 1581 1956 postquam
1614 1860 1689 1927 in
1720 1862 2091 1955 superiore
2128 1859 2389 1956 pagina

423 2004 646 2079 agnos
669 1986 865 2081 ipsos
894 1980 1214 2054 balantes
1255 1996 1330 2055 et
1362 1997 1747 2054 trementes
1776 1996 1939 2055 ante
1970 1980 2216 2055 focum
2242 1998 2387 2055 sta-

423 2105 581 2177 buli
619 2110 1140 2208 conspeximus.
1194 2112 1294 2179 Ut
1323 2113 1396 2179 in
1429 2112 1785 2207 agrariam
1806 2158 1825 2197 ‚
1866 2112 1969 2180 sic
2016 2112 2089 2179 in
2122 2132 2390 2208 pecua-

425 2236 606 2303 riam
656 2229 1228 2303 dissertationem
1265 2231 1561 2330 plurimi
1596 2231 1775 2305 sales
1808 2230 2227 2328 hujusmodi
2274 2238 2388 2303 in·

427 2350 850 2427 funduntur.
887 2358 1141 2452 Itaque
1171 2380 1305 2427 nec
1334 2354 1675 2455 Scrophae
1702 2354 1843 2427 hoc
1874 2361 2250 2455 contingit,
2290 2380 2387 2427 ne

422 2475 599 2575 quid
626 2476 841 2548 suillo
884 2480 1130 2578 pecori
1165 2482 1238 2549 in
1286 2481 1508 2576 ipsius
1548 2501 1949 2576 cognomen
1992 2476 2380 2551 alludatur.

421 2601 738 2695 Quidam
762 2617 869 2675 est
889 2606 1193 2677 Vaccius
1221 2607 1408 2673 inter
1437 2601 1915 2674 collocutores
1933 2655 1954 2693 ‚
1991 2607 2109 2674 cui
2136 2609 2385 2702 primae

423 2741 661 2825 partes
678 2732 1024 2799 sermonis
1042 2732 1114 2798 in
1136 2725 1334 2799 hunc
1347 2724 1651 2797 modum
1670 2725 2128 2799 tribuuntur:
2150 2758 2185 2793 α
2205 2726 2389 2801 Vide

425 2847 607 2945 quid
629 2874 820 2947 agas»,
852 2854 1091 2923 Vacci.
1125 2853 1312 2923 Nam
1330 2851 1466 2923 bos
1487 2854 1567 2921 in
1588 2857 1924 2950 pecuaria
1942 2857 2253 2925 maxima
2275 2850 2393 2926 de-

422 2970 548 3043 bet
579 2996 730 3045 esse
761 2976 1188 3047 auctoritate
1205 2983 1262 3047 ².
1293 3004 1326 3039 ι»

516 3102 619 3169 Ex
649 3098 763 3169 his
795 3102 1040 3197 paucis
1065 3099 1215 3195 jam
1244 3103 1647 3198 perspicere
1678 3097 1847 3170 licet
1876 3097 2193 3195 aliquam
2222 3122 2387 3197 par-

424 3233 597 3310 tem,
617 3246 780 3318 quae
798 3220 940 3294 dici
961 3227 1182 3320 possit
1207 3225 1510 3311 scenica,
1538 3227 1613 3293 in
1636 3220 1839 3294 libris
1860 3218 1952 3293 de
1968 3225 2073 3293 Re
2094 3225 2387 3295 Rustica

423 3348 680 3435 inesse,
707 3359 783 3416 et
811 3348 1212 3417 Varronem
1231 3372 1378 3417 non
1403 3345 1586 3419 adeo
1612 3358 2023 3444 susceptum
2051 3369 2237 3443 opus
2294 3342 2388 3417 ad

425 3467 808 3541 Fundaniae
851 3468 1230 3543 utilitatem
1278 3495 1364 3543 ex·
1413 3474 1787 3569 proposito
1841 3467 2255 3553 intendisse,
2304 3482 2391 3541 ut

424 3618 574 3667 non
589 3594 899 3695 plurima
922 3596 1260 3672 tribuerit
1281 3602 1631 3697 personis,
1654 3620 1837 3694 quas
1861 3595 2389 3693 colloquenteS,

503 3938 556 3976 ι.
592 3924 772 3985 Varro,
799 3924 862 3976 de
885 3928 951 3981 R.
982 3929 1064 3992 R„
1088 3928 1159 3989 11,
1189 3941 1240 3975 a.

737 4008 890 4074 md„
1084 4016 1153 4076 11,
1181 4027 1233 4064 a.
