3059 5084
1285 492 1364 504 -.
1403 460 1484 523 29
1524 490 1605 503 ...

460 618 585 666 cos
634 590 1094 665 instruendos
1113 643 1134 681 ‚
1199 589 1553 687 placuerit
1606 586 1709 657 illi
1760 585 2057 686 public-a
2117 584 2285 658 villa
2350 590 2427 656 in

461 740 720 814 campo
753 717 1016 787 Martio
1043 719 1201 803 sita,
1234 718 1364 811 qui
1382 712 1588 785 locus
1608 725 1715 783 est
1743 708 2138 785 admodum
2162 709 2427 783 tumul-

462 857 716 913 tuosus
769 854 843 913 et
892 863 1355 937 nequaquam
1405 837 1749 935 agrestis?
1795 840 2072 909 Eximia
2118 835 2431 908 Platonis

463 961 828 1059 colloquia
855 962 1004 1059 Jam
1045 986 1089 1034 a
1123 961 1335 1033 nobis
1372 959 1701 1032 adhibita
1736 984 1978 1031 nonne
2008 953 2432 1058 praebebant

463 1083 706 1157 sedem
729 1082 1241 1181 jucundiorem
1287 1096 1358 1155 et
1406 1086 1757 1181 aptiorem
1800 1083 1897 1154 ad
1928 1080 2433 1181 propositum?

461 1209 623 1277 Non
649 1204 742 1278 de
781 1230 862 1278 re
890 1211 1150 1281 rustica
1187 1219 1311 1277 aut
1338 1210 1706 1304 pecuaria,
1746 1202 1837 1275 de
1859 1208 2119 1301 cytisiS,
2150 1202 2429 1274 colum-

464 1328 578 1401 bis
609 1343 736 1399 aut
769 1326 1030 1427 apibus
1057 1325 1404 1400 Ph'aedrus
1422 1343 1495 1399 et
1525 1331 1849 1401 Socrates
1866 1350 2273 1398 sermonem
2297 1325 2430 1397 ha·

464 1453 678 1542 bent3
732 1479 880 1526 non
928 1452 1129 1527 aliud
1174 1453 1316 1526 illis
1372 1459 1446 1525 in
1493 1456 1737 1525 animo
1787 1468 1894 1525 est
1940 1476 2164 1551 quam
2207 1456 2433 1551 Lysiae

469 1581 868 1648 orationem
897 1575 1156 1675 legere.
1196 1556 1407 1648 J'uvat
1433 1590 1675 1649 tamen
1708 1574 2079 1647 Platonem
2114 1599 2239 1646 eos
2271 1597 2431 1671 gra-

466 1702 736 1768 tissima
775 1695 1360 1771 deambulatione
1414 1697 1683 1771 ducere
1720 1702 1909 1769 circa
1939 1694 2243 1769 fluvium
2278 1695 2432 1770 llis-

467 1844 666 1909 sum,
707 1834 780 1891 et
811 1820 1178 1919 platanum
1219 1822 1669 1911 altissimam,
1724 1819 1862 1891 suh
1915 1818 2125 1915 cujus
2168 1818 2435 1891 umbra

469 1947 871 2039 quiescant,
909 1966 1208 2043 ponere,
1253 1959 1324 2015 et
1361 1959 1657 2017 ventum
1697 1942 2101 2033 modicum,
2143 1958 2214 2015 et
2246 1941 2433 2014 mol·

469 2062 615 2135 lem
646 2061 954 2137 herbam
981 2064 1282 2164 fingere,
1326 2066 1776 2163 ubicumque
1800 2064 2051 2138 sedere
2073 2064 2185 2137 vel
2220 2071 2434 2138 etiam

472 2188 894 2263 recumbere
944 2190 1170 2264 velint
1203 2200 1227 2236 ¹
1258 2244 1277 2261 .
1342 2195 1431 2263 Et
1492 2190 1623 2263 ubi
1682 2190 2006 2288 colloqui
2056 2193 2433 2289 incipiunt,

466 2328 741 2410 quanta
771 2321 1121 2388 sermonis
1165 2319 1477 2388 suavitas
1494 2369 1515 2404 ,
1569 2338 1790 2411 quam
1831 2312 2065 2387 dulcis
2116 2329 2189 2386 et
2236 2328 2437 2415 grata

466 2433 609 2507 loci
640 2433 1100 2508 adumbratio
1119 2433 1184 2507 ²!
1590 2503 1593 2505 ,
1746 2530 1750 2535 ,

564 2562 712 2631 Nec
735 2564 1104 2632 Ciceronis
1129 2558 1589 2633 sermonibus
1620 2558 1823 2632 deest
1852 2564 2149 2659 agrestis
2174 2558 2298 2631 illa
2314 2558 2437 2656 ju·

470 2685 830 2777 cunditaS,
851 2711 1084 2783 quum
1104 2684 1458 2759 disserens
1485 2685 1580 2757 de
1596 2684 1908 2784 legibuS‚
1930 2684 2209 2757 inducit
2217 2685 2453 2777 Quin·-v

472 2820 630 2877 tum
664 2822 735 2879 et
767 2811 1080 2879 Atticum
1121 2812 1365 2879 «inter
1404 2811 1933 2906 procerissimae.
1964 2805 2313 2906 popuIOS,
2365 2810 2439 2877 in

465 2929 677 3001 viridi
715 2953 1088 3029 opacaque
1146 2932 1306 3029 ripa
1351 2928 1885 3002 inambulantes
1900 2983 1922 3020 ,
1980 2944 2137 3001 tum
2189 2941 2435 3001 autem

541 3123 589 3158 1.
628 3106 847 3157 Prodi-us
869 3105 955 3159 im.
977 3106 1129 3158 Bekk.
1155 3110 1348 3162 Transl.
1374 3108 1470 3160 vol.
1499 3112 1545 3170 1,
1569 3115 1699 3175 part.
1725 3124 1766 3169 1,
1789 3122 1901 3175 pag.
1924 3108 1979 3157 6.

537 3211 588 3243 α.
627 3200 720 3245 Σω.
745 3192 822 3250 Νὴ
841 3192 926 3248 τὴν
946 3183 1099 3264 flea-0,
1123 3194 1246 3251 καλή
1267 3196 1374 3267 γιῆ
1390 3193 1670 3267 καταγωγή·
1694 3193 1727 3251 ἥ
1749 3212 1802 3246 τι
1816 3192 1911 3266 γὰρ
1925 3191 2163 3254 πλάτανος
2188 3193 2305 3250 αὕτη
2322 3190 2440 3263 μάλ’

466 3278 745 3350 ἀμφιλαφής
770 3298 822 3331 τι
857 3277 939 3331 καὶ
957 3278 1131 3348 ὑψηλή,
1154 3288 1236 3335 τοῦ
1264 3300 1317 3333 τι
1355 3282 1495 3354 ἄγνου
1538 3282 1591 3333 τὸ
1621 3279 1736 3349 ὕψος
1759 3279 1840 3333 καὶ
1876 3282 1929 3333 τὸ
1964 3282 2148 3334 σύσκιον
2173 3282 2440 3353 wei-ptam»,

461 3362 544 3415 καὶ
569 3364 633 3423 ὡς
661 3362 813 3433 ἀκμὴν
839 3364 934 3431 ἔχει
961 3368 1046 3425 τῆς
1071 3366 1232 3430 ἄνθης,
1262 3367 1326 3427 ὥς
1351 3366 1407 3419 ἀν
1441 3361 1760 3419 εὐωδέστατον
1782 3365 1983 3437 παρέχοι
2006 3366 2084 3418 τὸν
2114 3366 2278 3419 τόπον.
2308 3357 2352 3419 fi
2386 3384 2440 3418 τι

463 3450 524 3506 αὖ
553 3453 683 3523 πηγὴ
705 3452 996 3525 χαριεστάτη
1017 3455 1108 3507 ὑπὸ
1131 3460 1216 3515 τῆς
1250 3455 1489 3509 πλατάνου
1515 3457 1586 3527 ῥεῖ
1620 3455 1757 3527 μάὶα
1783 3453 1959 3526 ψυχροῦ
1995 3451 2189 3519 ὕδατος,
2217 3456 2284 3517 ὥς
2305 3456 2359 3507 τό
2382 3474 2440 3527 γι

463 3548 533 3613 τῷ
557 3538 672 3593 ποδὶ
693 3540 1032 3617 τεκμήρασθαι·
1062 3549 1254 3613 νυμφῶν
1281 3545 1333 3595 τί
1358 3564 1493 3597 τινων
1523 3542 1607 3597 καὶ
1636 3534 1853 3613 Axonam
1884 3545 2003 3617 ἱερὸν
2034 3546 2127 3597 ἀπὸ
2164 3551 2257 3598 τῶν
2290 3552 2439 3617 κορῶν

462 3646 515 3679 τι
551 3627 631 3679 καὶ
667 3628 956 3700 ἀγαλμάτων
985 3630 1126 3681 ἔοικεν
1159 3624 1294 3683 εἶναι.
1335 3631 1392 3683 Εἰ
1425 3626 1536 3683 δἀὗ
1578 3632 1754 3696 βούλιι,
1784 3633 1839 3683 τὸ
1876 3632 2066 3684 εὔπνουν
2090 3638 2171 3685 τοῦ
2210 3632 2355 3686 τόπου
2374 3634 2442 3691 ὡς

464 3715 706 3787 ἀγαπητὸν
733 3716 814 3769 καὶ
839 3712 1028 3789 σφόδρα
1054 3712 1168 3775 ἡδύ·
1199 3720 1367 3790 θερινόν
1398 3738 1452 3771 τι
1473 3717 1553 3771 καὶ
1576 3720 1760 3792 λιγυρὸν
1787 3720 1959 3786 ὑπηχεῖ
1998 3724 2067 3791 τῷ
2100 3726 2193 3772 τῶν
2216 3720 2439 3793 τεττίγων
2528 3742 2535 3749 ·

461 3811 607 3875 χορῷ.
635 3804 833 3859 Πάντων
866 3801 926 3871 δε,
943 3803 1237 3877 κομψότατον
1276 3807 1329 3858 τὸ
1352 3813 1437 3867 τῆς
1473 3807 1614 3871 πόας,
1643 3808 1713 3860 ὅτι
1744 3810 1789 3861 ἄν
1826 3808 1983 3879 ἡρέμα
2016 3807 2264 3881 προσάντει
2305 3807 2441 3865 ἱκανὴ

459 3891 641 3959 πέφυκε
669 3892 986 3944 κατακλινέντι
1021 3894 1106 3951 τὴν
1141 3894 1351 3963 κεφαλὴν
1377 3894 1636 3967 παγκάλως
1675 3895 1795 3963 lxm
1808 3932 1827 3960 ‚
1850 3894 1974 3947 ὥστε
1992 3895 2167 3966 ἄριστά
2182 3914 2251 3948 σοι
2286 3894 2443 3957 ἐξενά-

460 3996 622 4049 γηται,
644 3975 682 4031 ὦ
704 3979 812 4051 φίλι
831 3975 1035 4053 Φαῖδρε.
1109 3982 1291 4048 (Μαι,
1316 3982 1490 4038 Pkaed.
1510 4000 1579 4037 α
1595 3999 1698 4037 roc.
1723 3982 1989 4041 Bokkvol.
2006 3988 2054 4049 1,
2072 3993 2199 4054 part.
2219 4001 2263 4047 x,
2284 4000 2337 4055 p.
2358 3984 2440 4051 9.)
