3059 5084
1535 524 1615 538 ....
1652 493 1735 557 ω
1774 524 1853 539 .-

709 626 1336 722 octogintesimum
1361 646 1661 714 annum,
1688 637 1775 695 ut
1806 628 1991 695 inter
2010 636 2119 694 tot
2138 622 2365 695 libros
2394 648 2670 724 suscep-

709 765 847 841 tos,
893 763 1004 822 tot
1047 753 1382 821 materias
1423 754 1733 821 vicissim
1781 752 2114 823 tractatas
2151 748 2494 821 scriberet
2538 750 2667 821 ali-

706 873 890 972 quid
921 875 1011 948 de
1046 900 1126 946 re
1159 880 1450 967 rustica,
1472 900 1636 973 quae
1668 874 1809 948 fuit
1840 890 2028 948 certe
2060 899 2174 946 res
2198 880 2422 975 ipsius
2454 875 2670 949 studii

706 999 824 1072 vel
857 1004 1008 1072 otii.
1036 1004 1202 1073 Haec
1239 1016 1597 1099 praecepta
1628 1025 1669 1071 e
1704 999 1970 1097 quibus
2004 998 2279 1099 pendet.
2314 1000 2431 1073 illa
2475 1026 2663 1099 parS,

709 1148 928 1223 quam
949 1122 1448 1196 didascalicam
1473 1139 1545 1195 et
1560 1122 1844 1195 virilem
1863 1123 2199 1213 diximuS,
2228 1123 2513 1196 dudum
2536 1125 2673 1197 col-

707 1249 1016 1351 legerat,
1053 1247 1178 1319 sed
1227 1274 1375 1321 non
1415 1254 1490 1320 in
1529 1248 1767 1321 lucem
1798 1247 2159 1338 ediderat,
2186 1262 2258 1320 et
2274 1263 2674 1323 servaverat

707 1371 934 1444 veluti
967 1371 1290 1443 codicem
1325 1377 1674 1443 rusticum
1718 1370 1810 1444 ad
1859 1376 2229 1470 propriam
2261 1370 2667 1444 utilitatem.

807 1501 1056 1589 Quum
1090 1522 1260 1569 vero
1293 1512 1738 1569 senectutem
1780 1502 2379 1596 ingravescentem
2408 1501 2676 1569 ‘sensis-

707 1634 839 1709 set‚
875 1645 964 1691 ne
993 1625 1310 1718 perirent
1333 1620 1486 1691 haec
1513 1635 1895 1720 praecepta,
1918 1623 2226 1692 instituit
2246 1624 2423 1692 eain
2442 1645 2673 1692 unum

711 1750 894 1843 opus
918 1768 1383 1843 componere,
1405 1770 1552 1817 non
1572 1744 1807 1815 solum
1832 1742 1923 1815 ad
1950 1743 2275 1844 conjugis
2292 1743 2676 1816 Fundaniae

710 1866 1088 1939 utilitatem
1115 1919 1136 1956 ,
1174 1867 1296 1939 sed
1339 1882 1410 1939 et
1455 1866 1785 1940 aliorum.
1820 1871 2021 1937 Tunc
2070 1882 2313 1938 autem
2352 1866 2679 1965 undique

687 1989 1067 2070 ,florebant
1100 1990 1352 2061 litterae
1389 1991 1650 2080 latinae,
1706 1994 1979 2088 quippe
2016 1994 2249 2061 Varro
2284 1989 2679 2089 publicavit

609 2104 688 2157 *s
711 2114 936 2187 libros
953 2113 1046 2185 de
1072 2120 1177 2185 Re
1194 2120 1485 2187 Rustica
1514 2140 1703 2185 anno
1725 2118 1815 2185 U.
1842 2118 1920 2185 C.
1942 2111 2246 2185 nccxvu.
2270 2124 2291 2158 ¹
2310 2120 2349 2185 J
2352 2139 2467 2187 am
2487 2114 2681 2186 obie-

711 2250 823 2307 rat
878 2239 1129 2308 Cicero
1148 2289 1166 2325 ‚
1243 2236 1392 2331 jam
1451 2235 1794 2333 Virgilius
1851 2233 2255 2307 confecerat
2314 2234 2595 2334 eclogas
2616 2247 2674 2328 ²,

710 2356 1081 2456 splendide
1098 2357 1486 2429 inchoabat
1506 2373 1675 2429 aetas
1695 2360 2019 2455 Augusti,
2053 2362 2211 2427 etin
2238 2357 2383 2429 hoc
2414 2357 2681 2432 littera·

712 2505 876 2552 rum
923 2479 1308 2578 splendore
1361 2506 1507 2553 non
1554 2496 1710 2553 erat
1754 2480 1955 2551 locus
1994 2480 2253 2576 jejunae
2287 2478 2677 2551 eruditioni

708 2620 928 2702 atque
953 2604 1044 2677 ab
1079 2611 1276 2675 omni
1304 2610 1540 2677 nitore
1565 2609 1905 2678 orationis
1926 2605 2197 2679 alienae.
2238 2611 2490 2703 Itaque
2515 2622 2679 2705 post

711 2708 1077 2801 Ciceronis
1117 2730 1835 2824 majestatem‚Var1-o
1874 2728 2109 2801 noluit
2153 2728 2381 2800 libros
2430 2728 2523 2800 de
2572 2735 2677 2801 Re

711 2855 1004 2923 Rustica
1037 2850 1347 2922 incultos
1389 2866 1463 2923 et
1504 2858 1711 2950 quasi
1762 2851 1998 2924 nudos
2030 2857 2104 2922 in
2150 2850 2386 2923 lucem
2433 2850 2671 2925 edere.

709 2974 885 3048 Inde
921 2974 1010 3047 ad
1047 2975 1318 3047 litteras
1349 2974 1675 3077 confugit
1702 2994 1775 3049 et
1805 2981 2087 3051 rusticis
2115 2976 2345 3067 libris,
2365 2954 2553 3074 quos
2584 2975 2678 3049 ad

711 3097 1196 3171 methodicam
1232 3096 1540 3173 formam
1565 3115 1997 3200 susceperat,
2016 3099 2273 3195 adjecit
2305 3114 2679 3198 octogena-

692 3225 862 3297 „rius
883 3238 1137 3294 auctor
1162 3226 1474 3321 speciem
1493 3223 1788 3322 dialogi,
1810 3238 2085 3297 actores
2104 3238 2177 3295 et
2195 3221 2672 3323 praefationeS,

710 3350 785 3414 in
810 3344 1080 3442 quibus
1117 3343 1510 3420 confitetur
1542 3351 1691 3446 ipse
1722 3362 2159 3419 senectutem
2178 3400 2197 3438 ,
2244 3353 2451 3446 quasi
2491 3373 2677 3446 opus

787 3659 830 3693 ι.
867 3642 1067 3710 Scripsit
1091 3642 1222 3693 enim
1247 3642 1338 3697 hoe
1373 3642 1524 3695 libros
1554 3648 1737 3708 Vni-m,
1764 3652 1907 3695 natus
1928 3660 2080 3695 annos
2118 3641 2380 3711 octoginta,
2407 3646 2459 3696 id
2498 3656 2601 3710 est,
2634 3647 2677 3697 si

708 3730 988 3801 respicimus
1028 3748 1209 3782 annum
1245 3731 1296 3782 iu
1332 3749 1432 3799 quo
1473 3742 1617 3783 natus
1643 3742 1716 3783 est
1736 3769 1754 3795 ,
1788 3736 1937 3800 paulo
1973 3735 2130 3785 minus
2172 3739 2397 3785 nccxvu⁰
2437 3735 2501 3787 ab
2526 3740 2588 3787 U.
2614 3739 2675 3789 C.

709 3818 1029 3883 (Schneider.
1063 3823 1332 3871 comment.
1361 3820 1411 3870 in
1437 3822 1605 3881 Varr„
1634 3824 1724 3883 111,
1756 3824 1827 3885 1.)

779 3922 830 3956 α.
872 3910 1069 3956 Exstant
1098 3908 1202 3973 ejus
1238 3903 1457 3957 Bucolica
1492 3908 1593 3957 sive
1632 3909 1817 3975 Eclogae
1830 3909 1995 3959 decem
2022 3910 2208 3977 scriptae
2239 3910 2367 3969 inter
2389 3928 2471 3962 an.
2502 3918 2569 3967 U.
2604 3915 2664 3965 C.

709 4010 920 4044 nccxm.
957 3995 1184 4062 (Fabricii
1205 3996 1431 4052 Biblionh.
1458 3995 1608 4047 latina
1635 4001 1686 4051 J.
1720 4002 1781 4049 A.
1806 4000 2023 4064 Ernesti,
2046 3998 2138 4049 vol.
2174 4004 2217 4067 1,
2241 4016 2293 4069 p.
2324 4001 2475 4066 307.)
