3059 5084
1529 489 1813 552 ...1.-

691 619 901 722 plane
934 625 1188 712 otiosa,
1224 618 1437 693 nobis
1461 619 1938 695 concedatur:
1980 619 2181 714 Quid
2215 626 2293 694 in
2326 619 2531 694 libris
2566 619 2659 692 de

698 751 796 818 Re
827 749 1128 818 Rustica
1163 743 1268 816 ad
1311 743 1595 818 litteras
1640 751 1957 817 attineat
1976 748 2016 816 P
2054 749 2135 816 In
2178 745 2377 819 hunc
2405 769 2654 818 varro-

691 871 922 940 nianoe
951 867 1132 940 villae
1163 867 1513 968 angulum
1546 865 2073 967 confugiamuS,
2108 882 2181 940 et
2210 883 2377 970 post
2404 865 2659 941 vende-

693 997 911 1066 miam
956 993 1412 1066 eruditorum
1447 992 1884 1094 locupletem
1932 1007 2005 1066 et
2048 991 2331 1066 dudum
2374 990 2658 1066 confec-

693 1131 867 1208 tam,
896 1119 1044 1212 hic,
1069 1135 1155 1194 ut
1185 1118 1512 1196 dicamus
1536 1144 1707 1194 cum
1731 1124 1890 1218 ipso
1921 1123 2273 1211 Varrone,
2303 1121 2663 1192 raceman'

693 1255 1074 1316 tentemus,
1708 1254 1719 1264 ‘

1638 1663 1734 1729 11.

793 1955 930 2032 Sed
952 1961 1374 2058 priusquam
1395 1954 1486 2028 de
1503 1981 1724 2055 opere
1752 1979 2158 2029 sermonem
2177 1959 2659 2048 instituamuS,

695 2103 926 2180 pauca
960 2078 1049 2151 de
1076 2084 1237 2150 viro
1266 2085 1424 2179 ipso
1458 2077 1761 2151 dicenda
1805 2094 2013 2171 sunt,
2065 2094 2153 2152 ut
2181 2078 2352 2152 inde
2384 2078 2665 2152 eluceat

697 2231 918 2305 opus3
959 2229 1188 2306 pauca
1224 2202 1553 2305 profecto
1579 2257 1599 2295 ,
1648 2228 1815 2276 nam
1848 2203 2031 2276 nihil
2059 2204 2452 2280 admodum
2486 2208 2665 2278 certi

697 2327 787 2400 de
821 2333 964 2400 vita
994 2332 1340 2403 Varronis
1373 2343 1827 2428 compertum
1857 2345 1985 2402 est.
2037 2334 2239 2404 Licet
2264 2345 2505 2404 tamen
2545 2329 2667 2404 af-

695 2451 985 2526 firmare
1037 2451 1428 2553 plerosque
1477 2455 1862 2552 scriptores
1946 2457 2021 2524 in
2069 2477 2391 2527 errorem
2444 2452 2665 2526 fuisse

696 2576 1057 2666 inductos,
1095 2580 1224 2674 qui
1243 2580 1646 2648 Varronem
1674 2580 1922 2647 Romae
1948 2591 2201 2649 natum
2239 2575 2439 2649 nulla
2464 2602 2665 2677 pror-

695 2725 817 2774 sus
842 2706 1270 2773 auctoritate
1302 2696 1470 2769 freti
1502 2695 1828 2770 dixerint.
1885 2701 2039 2768 Nec
2064 2704 2347 2796 assequi
2379 2699 2664 2796 conjec-

697 2837 860 2895 tura
891 2821 1078 2910 licet,
1110 2803 1504 2892 unde⁵talis
1535 2823 1877 2892 sententia
1898 2819 2097 2921 apud
2120 2847 2245 2893 eos
2269 2828 2514 2921 vigere
2534 2848 2667 2922 po-

698 2951 940 3038 tuerit,
978 2943 1336 3046 siquidem
1375 2944 1621 3018 nullus
1654 2971 1789 3018 nec
1838 2949 2227 3037 CiceroniS,
2277 2972 2413 3019 nec
2438 2952 2665 3046 ipsius

695 3077 1061 3162 Varronis,
1088 3096 1220 3144 nec
1243 3068 1630 3167 cujuslibet
1660 3068 1845 3142 alius
1874 3075 2131 3141 veteris
2161 3070 2364 3142 locus
2395 3075 2662 3142 Roma-

695 3218 875 3266 num
907 3208 1282 3266 auctorem
1315 3191 1515 3263 hunc
1539 3206 1867 3263 nost-rum
1904 3188 2238 3268 declarat.
2280 3175 2662 3264 Reatinum

694 3340 870 3390 vero
917 3313 1249 3389 eumdem
1274 3368 1294 3406 ,
1332 3329 1404 3387 et
1447 3338 1492 3386 a
1538 3319 1617 3386 P.
1667 3318 2003 3389 Terentio
2043 3319 2660 3416 Varrone,poeta,

695 3443 1017 3528 Atacino,
1045 3462 1133 3511 eo
1159 3441 1590 3536 cognomine
1623 3435 2068 3531 distinctum,
2090 3438 2423 3512 Sidonius
2449 3440 2665 3541 Apol-

695 3560 940 3635 linaris
972 3575 1042 3632 et
1074 3559 1547 3657 Symmachus
1578 3558 1892 3633 tradunt.
1942 3561 2415 3659 Symmachus
2445 3569 2661 3636 nimi-

695 3710 906 3756 rum:
949 3713 986 3752 α
1017 3688 1165 3756 Scis
1197 3686 1612 3754 Terentium
1646 3708 1793 3756 non
1819 3687 2224 3776 Comicum,
2262 3684 2389 3759 sed
2420 3691 2660 3760 Reati-

692 3833 873 3880 num
906 3805 1151 3900 illum,
1179 3813 1521 3880 Romanae
1554 3787 1981 3882 eruditionis
2014 3819 2457 3914 parentem1.
2490 3843 2527 3881 κ
2575 3816 2664 3884 Et

769 4026 815 4062 ι.
855 4009 1009 4078 Epist.
1037 4015 1079 4062 1.
