3059 5084
1245 553 1325 567 .-.
1363 521 1406 584 5
1447 554 1521 567 ..-

397 655 744 728 Sidonius
770 629 1204 754 Apollinaris
1226 658 1625 727 Varronem
1644 669 2042 752 utrumque
2074 655 2188 727 vel
2220 661 2375 730 Ata-

402 786 650 853 cinum
679 778 792 850 vel
815 783 1197 850 Reatinum
1220 778 1575 878 approbat
1594 789 1643 849 ¹.
1677 777 1852 850 Inde
1872 779 2091 878 igit'ur
2110 785 2372 852 Roma-

400 930 578 977 num
593 929 1058 1002 nequaquam
1079 909 1336 992 civem,
1361 918 1433 974 at
1453 907 1695 1000 potius
1718 907 2102 974 Reatinum
2112 907 2374 976 Varro-

405 1053 573 1102 nem
604 1025 1027 1100 habendum
1061 1051 1212 1098 esse
1244 1051 1639 1098 censemus
1682 1031 1891 1097 Hunc
1921 1039 2172 1096 natum
2208 1051 2375 1098 cum

409 1155 458 1226 l.
479 1153 558 1228 A.
582 1151 907 1225 Fabricio
928 1175 1119 1224 anno
1131 1155 1218 1223 U.
1236 1155 1312 1223 C.
1335 1157 1803 1239 chxxv111m0,
1822 1174 2194 1249 ponamus,
2216 1151 2379 1221 Plu·-

415 1268 636 1348 rimos
680 1300 722 1349 a
754 1274 1125 1374 republica
1149 1257 1467 1346 hono‘res
1503 1272 1786 1346 videtur
1818 1279 2201 1374 accepisse,
2246 1279 2375 1372 qui

413 1415 652 1472 autem
714 1399 881 1470 talia
931 1396 1278 1469 adhibent
1339 1398 1766 1493 conjectura
1806 1403 2170 1484 nituntur.
2228 1396 2383 1468 Bel-

413 1520 566 1592 lum
602 1535 841 1591 tamen
861 1524 1093 1592 Varro
1119 1523 1336 1616 gessit
1364 1533 1615 1590 contra
1645 1524 1931 1617 pirataS,
1958 1533 2029 1589 et
2051 1522 2383 1617 Pompeii

415 1642 758 1716 classibus
791 1640 1076 1742 praefuit
1114 1673 1148 1707 α
1174 1647 1362 1713 inter
1390 1641 1657 1712 Delum
1697 1655 1771 1712 et
1803 1641 2111 1714 Siciliam
2136 1652 2163 1685 ²
2188 1671 2257 1729 n,
2299 1655 2385 1712 ut

415 1772 570 1866 ipse
619 1781 938 1838 testatur.
993 1769 1077 1836 ln
1126 1763 1326 1836 bello
1369 1763 1588 1854 civili,
1635 1770 2101 1864 Pompeianas
2150 1779 2387 1863 partes

417 1889 824 1989 amplexus,
862 1888 1136 1986 legatus
1183 1892 1261 1958 in
1299 1892 1637 1985 Hispania
1670 1911 1838 1958 cum
1870 1891 1947 1959 L.
1984 1886 2274 1959 Afranio
2314 1900 2388 1960 et

418 2018 515 2085 M.
537 1999 814 2084 Petreio
842 2009 1198 2082 summam
1218 2014 1320 2082 rei
1345 2009 1675 2082 militaris
1702 2009 1984 2082 habuit.
2012 2000 2199 2082 Cum
2210 2034 2384 2081 vero
2432 2025 2437 2030 “

419 2159 570 2206 sese
619 2137 912 2206 Caesaris
961 2132 1236 2204 viribus
1283 2137 1636 2231 imparem
1692 2137 2019 2204 sensisset
2042 2185 2061 2221 ,
2124 2130 2388 2228 abjecit

423 2281 623 2329 arma
653 2310 672 2347 ,
703 2271 776 2327 et
794 2260 1087 2327 Caesaris
1117 2260 1406 2327 victoris
1435 2259 1507 2327 in
1551 2261 1853 2354 gratiam
1887 2269 2215 2353 receptus
2234 2309 2252 2342 ,
2296 2253 2388 2352 ad

427 2387 660 2452 otium
707 2379 1101 2450 litteratum
1142 2379 1490 2480 perfugit,
1533 2394 1731 2452 totus
1770 2386 1845 2450 in
1897 2377 2383 2479 philosophia,

425 2505 857 2591 eruditione,
885 2519 957 2576 et
971 2502 1472 2603 comparandis
1495 2528 1578 2576 ac
1598 2503 1991 2602 dirigendis
2003 2502 2392 2574 bibliothe-

424 2635 523 2703 cis
556 2634 797 2728 graecis
828 2627 1204 2733 latinisque
1225 2681 1243 2717 ,
1279 2653 1458 2725 quas
1492 2632 1725 2736 Caesar
1759 2623 2227 2728 publicavit-’n

521 2755 656 2822 Tot
699 2754 900 2822 ’curis
961 2764 1033 2822 et
1089 2754 1394 2848 negotiis
1450 2752 1881 2849 occu'patuS,
1930 2772 2394 2847 nequaquam

431 2895 666 2948 tamen
739 2874 832 2947 ab
887 2874 1342 2973 agriculturae
1387 2875 1632 2948 studio
1696 2874 2058 2965 cessabat;
2120 2879 2392 2970 itaque,

427 3017 746 3074 extremo
757 3005 914 3072 vitae
926 3015 1275 3100 tempore,
1294 2999 1520 3072 libros
1538 2999 1743 3072 deRe
1758 3005 2049 3071 Rustica
2067 3001 2137 3068 in
2160 2994 2392 3069 lucem

431 3126 643 3198 edere
690 3129 1011 3196 instituit.
1067 3129 1149 3195 In
1201 3129 1440 3222 operis
1482 3122 1727 3194 limine
1767 3145 1991 3194 annos
2035 3103 2399 3218 octoginta
2442 3139 2446 3144 ·

433 3264 685 3322 natum
712 3273 786 3320 se
818 3246 1172 3320 declarat:
1211 3279 1246 3314 α
1275 3247 1526 3321 Annus
1554 3252 2031 3345 octogesimus
2062 3242 2405 3346 admonet

433 3398 572 3463 me,
605 3386 692 3444 ut
729 3377 1036 3444 sarcinas
1081 3371 1440 3470 colligam,
1465 3384 1864 3472 ‘antequam
1907 3367 2325 3468 proficiscar
2360 3392 2402 3439 e

431 3501 579 3568 vita
599 3494 654 3567 4.
692 3527 728 3563 »
773 3500 951 3590 Quae
993 3521 1169 3568 vero
1202 3493 1378 3566 huic
1414 3509 1558 3566 tam
1611 3493 1833 3594 longo‘
1882 3497 2041 3565 vitae
2080 3505 2153 3563 et
2190 3490 2400 3569 laho-

511 3789 564 3824 ι.
605 3770 760 3840 Epist.
788 3775 881 3835 IV,
912 3776 1000 3824 32.

513 3879 562 3913 2.
600 3865 660 3912 ln
680 3861 872 3930 pretet.
898 3861 986 3914 lib.
1011 3866 1061 3914 11
1087 3861 1152 3914 de
1170 3867 1235 3916 R.
1265 3867 1329 3914 R.

512 3953 563 4000 3.
605 3955 804 4003 sueton.
829 3951 879 4000 in
906 3953 1050 4014 Ceus..
1074 3960 1160 4011 44.

511 4048 562 4098 4.
603 4042 750 4092 Varr.
782 4038 844 4091 de
868 4044 934 4094 lt.
966 4043 1054 4102 R„
1082 4044 1124 4100 1,
1157 4057 1203 4093 1.
