3059 5084
1187 500 1194 509 .
1233 492 1312 509 ...
1351 460 1433 527 35
1467 492 1551 511 ...

408 588 582 663 velit
611 592 1116 691 Xenophontis
1151 592 1667 692 agriculturam
1704 592 1916 693 plane
1952 590 2234 667 facilem
2301 608 2374 666 et

403 713 802 810 jucundam
818 741 986 788 cum
1009 742 1090 789 re
1107 721 1372 789 rustica
1395 720 1742 789 Varronis
1768 723 2067 791 omnino
2088 718 2178 791 ad
2204 742 2377 819 prze-

401 838 826 939 ·cipiendum
859 845 1219 913 instructa.
1261 846 1492 914 Varro
1525 866 1813 915 severus
1842 858 1948 915 est
1972 857 2045 915 et
2079 857 2275 915 totus
2300 848 2376 915 in

401 978 562 1037 arte
601 970 878 1063 agraria
907 965 1390 1066 explananda,
1436 966 1767 1066 neglecto
1807 972 2005 1039 omni
2034 972 2379 1039 orationis

405 1087 654 1181 cultu3
677 1089 1092 1189 Xenophon
1113 1106 1386 1181 autem,
1423 1090 1539 1163 vel
1562 1113 1796 1189 quum
1818 1096 2170 1190 praecipit,
2196 1090 2378 1164 adeo

415 1226 712 1284 ornatus
739 1227 811 1285 et
842 1220 1076 1311 suavis
1095 1228 1204 1285 est
1223 1267 1244 1305 ,
1279 1229 1364 1285 ut
1385 1266 1404 1304 ,
1435 1213 1681 1287 dicens
1705 1213 1799 1287 de
1822 1214 2139 1287 serendis
2168 1218 2379 1286 semi·

413 1334 656 1427 nibus»,
705 1339 1016 1435 peritam
1059 1360 1212 1409 esse
1253 1352 1595 1436 oportere
1620 1360 1919 1407 manum
1946 1360 2111 1433 quae
2135 1360 2378 1407 semen

413 1464 712 1559 spargit,
752 1460 1108 1557 subjiciat,
1142 1490 1180 1527 c<
1205 1468 1410 1559 ὥσπερ
1439 1472 1565 1544 τοῖς
1584 1466 1957 1559 κιθαρισταῖς
1978 1470 2021 1541 ἡ
2038 1464 2197 1559 χείρ,
2215 1464 2380 1545 ὅπως

417 1574 671 1681 δύνηται
697 1586 1006 1681 ὑπηρετεῖν
1033 1596 1111 1681 τῇ
1153 1590 1395 1684 γνώμῃ.
1419 1612 1455 1651 ν

513 1709 840 1805 Uterque
861 1730 1119 1779 eorum
1138 1705 1414 1805 aliquid
1428 1705 1607 1779 dixit
1630 1703 1723 1779 de
1749 1703 2038 1778 feminis
2063 1710 2387 1804 agrariis,

419 1828 686 1903 ethinc
715 1836 1015 1904 omnino
1046 1846 1246 1931 patet
1277 1846 1635 1929 quantum
1666 1836 1853 1904 inter
1886 1855 1961 1903 se
1995 1834 2289 1929 'ingenio
2316 1846 2391 1903 et

407 1958 734 2027 -materiae
750 1962 1026 2055 ‘genere
1041 1954 1468 2055 discrepent.
1490 1962 1725 2030 Varro
1750 1982 2154 2029 sermonem
2172 1980 2403 2056 agens-

421 2076 515 2149 de
547 2094 922 2178 pastorum
953 2079 1335 2171 uxoribus),
1352 2087 1462 2154 ‚ait
1491 2095 1807 2154 tantum:
1835 2110 1871 2148 α
1897 2086 2035 2153 Eas
2052 2080 2391 2155 mulieres

421 2226 576 2275 esse
601 2217 892 2303 oportet
923 2190 1195 2295 firmaS,
1225 2228 1374 2277 non
1398 2218 1673 2303 turpe&
1712 2228 1878 2312 quae
1912 2210 1989 2275 in
2023 2226 2271 2307 opere,
2306 2218 2394 2275 ut

407 2327 502 2397 in
531 2326 776 2401 multis
798 2326 1246 2425 regionibus,
1271 2352 1424 2399 non
1447 2326 1709 2399 cedant
1726 2332 1901 2399 viris
1924 2336 1975 2397 ¹.
2008 2356 2045 2394 n

523 2456 762 2545 Quam
791 2464 1035 2523 autem
1063 2465 1168 2523 est
1202 2449 1552 2524 delicatus
1586 2449 2009 2550 Xenophon·
2030 2464 2107 2523 et
2136 2472 2179 2522 a
2198 2474 2397 2522 seve-

341 2676 344 2681 ·
395 2608 410 2619 ·
425 2580 636 2649 ritate
667 2576 826 2649 talis
862 2581 1200 2678 praecepti
1229 2577 1657 2669 abhorrenS,
1706 2602 1942 2677 quum
1980 2575 2263 2649 inducit
2291 2581 2395 2649 Is·

425 2701 910 2775 chomaschum
941 2701 1034 2775 de
1066 2728 1298 2777 uxore
1322 2702 1653 2806 agricolae
1685 2702 2071 2794 dicentem,
2113 2718 2187 2775 et
2228 2726 2397 2775 nar·

427 2841 705 2899 rantem
724 2843 812 2901 ut
829 2834 982 2928 ipse
1006 2829 1352 2929 puellam,
1373 2854 1597 2926 quam
1630 2832 1704 2900 in
1726 2828 2149 2901 connubiun
2170 2825 2398 2901 duxe-

429 2951 590 3043 rat,
643 2950 739 3025 ad
801 2952 1493 3027 administrationem
1558 2953 2023 3027 domesticam
2078 2950 2395 3023 finxerit.

437 3106 476 3143 α
513 3079 638 3149 Καὶ
671 3080 735 3150 τί
777 3078 850 3149 ἅν
899 3082 1037 3174 ἔφη,
1069 3079 1122 3149 ὦ
1166 3084 1497 3177 Σώκρατες,
1531 3082 1931 3175 ἐπισταμένην
1972 3082 2155 3155 αὐτὴν
2196 3080 2403 3173 παρέ-

428 3202 642 3294 λαὸον,
678 3206 718 3282 ἢ
759 3206 862 3283 ἔτη
908 3209 1014 3301 μὲν
1052 3210 1222 3276 οὔπω
1265 3200 1707 3276 πεντεκαίδεκα
1742 3214 2021 3303 γεγονυῖα
2054 3204 2199 3282 ἦλθε
2255 3206 2402 3299 πρὸς

432 3331 561 3423 ἐμὲ,
598 3332 699 3399 τὸν
747 3322 806 3397 δ’
835 3331 1164 3425 ἔμπροσθεν
1211 3333 1420 3427 χρόνον
1462 3326 1563 3412 ἔζη
1611 3334 1731 3401 ὑπὸ
1764 3336 1994 3409 πολλῆς
2039 3328 2407 3423 ἐπιμελείας,

433 3454 596 3532 ὅπως
625 3460 706 3533 ὡς
730 3454 1028 3547 ἐλάχιστα
1065 3456 1170 3549 μὲν
1204 3452 1428 3548 ὄψοιτο,
1471 3456 1766 3550 &dxtera
1806 3446 1865 3522 δ’
1891 3455 2227 3539 ἀκούσοιτο,
2267 3452 2414 3521 ἑλοί-

435 3602 624 3670 χιστα
645 3568 714 3644 δ’
735 3579 926 3672 ἔροιτο
947 3586 974 3620 ²
993 3604 1014 3669 3
1047 3606 1084 3645 n

513 3903 561 3939 ι.
601 3889 782 3951 Varro,
806 3885 872 3939 de
893 3890 957 3939 R„
977 3890 1070 3951 R„
1097 3891 1180 3952 nr
1201 3904 1254 3941 x.

509 3990 562 4024 α.
601 3977 1028 4046 OEconom.,cap.
1054 3978 1172 4033 yn.
