3059 5084
1527 556 1604 569 ..
1642 524 1727 587 28
1765 556 1844 571 ..-

799 652 992 724 Talia
1027 651 1442 752 suppeditat
1500 654 1768 753 dialogi
1802 652 2037 727 forma
2066 708 2085 745 ,
2134 655 2271 727 hos
2325 656 2503 727 sales
2552 682 2671 729 ex-

605 836 615 846 .
702 780 1006 873 quisitos
1051 792 1324 848 naturae
1371 793 1917 869 consentaneos,
1965 805 2196 876 quum
2227 806 2315 849 ex
2350 785 2500 877 ipsa
2534 779 2662 851 de-

703 900 942 973 fluunt
989 914 1062 973 et
1102 926 1240 999 pro
1280 907 1591 991 materiae
1617 904 1895 973 ratione
1938 926 2177 989 scena,
2230 924 2551 1000 personae
2594 918 2665 973 et
2728 974 2738 983 ,

704 1025 1051 1123 colloquii
1100 1034 1307 1098 vices.
1362 1025 1572 1099 Aliud
1632 1042 1871 1099 autem
1920 1042 2024 1098 est
2059 1026 2149 1098 de
2190 1031 2479 1099 incertis
2528 1052 2667 1099 ser-

703 1150 1044 1223 monibus
1066 1150 1575 1248 actoribusque
1593 1155 2053 1251 supervacuis
2088 1177 2275 1249 quos
2302 1132 2667 1250 scriptoris

703 1280 1156 1377 propositum
1205 1302 1354 1348 non
1431 1275 1825 1350 admodum
1882 1276 2337 1376 postulabat3
2413 1302 2665 1349 verum

704 1401 857 1475 haec
887 1400 1094 1473 infra.

802 1526 1142 1618 Qualibet
1179 1540 1418 1597 autem
1459 1552 1545 1597 ex
1584 1542 1784 1625 parte
1831 1525 2059 1598 libros
2094 1525 2183 1597 de
2232 1532 2339 1598 Re
2382 1529 2669 1598 Rustica

705 1674 874 1721 cum
896 1649 1008 1720 his
1023 1672 1233 1747 poene
1259 1648 1516 1721 divinis
1546 1650 1855 1721 Platonis
1874 1649 2327 1720 sermonibus
2352 1646 2671 1720 confera-

705 1796 894 1861 mUS,
931 1768 1245 1869 plurima
1278 1776 1680 1843 necessario
1717 1771 2241 1846 desiderantur.

801 1899 884 1964 In
917 1898 1130 1965 tertio
1161 1892 1378 1983 libro,
1409 1896 1558 1990 jam
1594 1894 1906 1966 vidimus
1936 1900 2336 1967 Varronem
2364 1910 2436 1967 et
2468 1892 2672 1966 soda-

705 2014 878 2104 lem,
915 2017 1222 2086 comitiis
1255 2013 1582 2105 aedilitiis‚
1621 2016 1796 2091 dum
1831 2016 2263 2087 dirimantur
2304 2014 2665 2114 suffragia,

707 2148 949 2241 potius
972 2141 1156 2213 villae
1182 2141 1490 2240 publicae
1519 2147 1625 2213 uti
1646 2141 1931 2231 umbra,
1969 2168 2189 2241 quam
2226 2147 2484 2242 privati
2511 2168 2673 2214 can-

707 2264 933 2336 didati
969 2262 1230 2335 tabella
1264 2263 1637 2337 dimidiata
1660 2273 1709 2333 ¹.
1751 2269 1835 2335 In
1868 2265 2004 2335 hac
2036 2265 2205 2337 villa
2238 2271 2672 2337 conveniunt

705 2416 830 2463 eos
860 2390 1238 2463 Cornelius
1283 2389 1591 2478 Merula,
1630 2376 2019 2479 Fiscellius,
2059 2396 2249 2462 Pavo
2300 2395 2666 2479 ReatinuS,

703 2516 1056 2585 Minutius
1095 2517 1257 2583 Pica
1300 2528 1372 2583 et
1417 2516 1516 2583 M.
1561 2517 1933 2585 Petronius
1965 2518 2241 2601 Passer,
2298 2528 2403 2601 et,
2459 2528 2543 2583 ut
2574 2518 2672 2583 ait

707 2660 896 2707 unus
941 2662 982 2708 e
1028 2620 1595 2708 collocutorsbus
1640 2636 1929 2731 jocandi
1982 2641 2431 2726 occasionem
2492 2642 2669 2709 arri-

706 2764 946 2858 pienS,
1008 2763 1081 2829 in
1134 2758 1275 2829 hoc
1333 2760 1717 2831 ornithone
1766 2761 1967 2858 (quia
2023 2763 2125 2834 ibi
2180 2762 2428 2834 sedent
2481 2768 2669 2857 aves)

702 2906 940 2952 sermo
977 2878 1066 2952 de
1103 2879 1430 2953 villaticis
1463 2883 1911 2980 pastionibus
1944 2884 2251 2956 orditur.

795 3003 1123 3075 Libuerit
1155 3003 1248 3075 ab
1294 3009 1454 3103 ipso
1497 3009 1826 3078 Varrone
1876 3032 2237 3103 quaerere,
2294 3032 2519 3104 quam
2571 3008 2667 3079 ob

701 3150 990 3198 causam
1021 3125 1112 3197 ad
1142 3126 1362 3224 hujus
1393 3126 1561 3199 libri
1596 3153 1879 3201 scenam
1916 3144 1987 3200 et.
2022 3154 2387 3204 sermones
2417 3129 2676 3201 villati-

1889 3402 1997 3427 ⁰9?

702 3397 1024 3474 διελεγόμεθα,
1049 3402 1098 3463 ὃς
1117 3405 1232 3473 ἡμῖν
1252 3402 1379 3457 κατὰ
1400 3405 1484 3463 τὴν
1507 3400 1613 3457 ὁδὸν
1636 3406 1865 3459 ἐνέπεσεν·
1890 3427 1929 3459 ιν
1950 3426 2025 3460 ουν
2049 3407 2117 3476 μὴ
2143 3407 2311 3467 ἀτελὴς
2326 3409 2524 3479 γένοιτο,
2554 3407 2676 3460 ἀλλὰ

701 3484 1098 3561 διαπερανάμενοι
1137 3490 1283 3552 οὕτως
1315 3492 1556 3563 εἰσίωμεν,
1590 3492 1784 3553 στάντες
1821 3496 1865 3545 ἐν
1888 3498 1956 3564 τῷ
1994 3486 2206 3565 τὲροθὺρῳ
2234 3490 2557 3565 διελεγόμεθα,
2591 3496 2677 3555 ἕως

702 3576 1153 3647 συνωμολογήσαμεν
1183 3577 1414 3637 ἀλλήλοις·
1445 3574 1576 3631 δοκεῖ
1612 3576 1689 3632 οὖν
1716 3598 1817 3650 μοι,
1846 3582 1869 3633 ὁ
1904 3581 2121 3651 θυρωρός,
2155 3581 2363 3647 εὐνοῦχός
2392 3600 2492 3644 τις,
2530 3580 2675 3637 κατή-

697 3682 832 3715 κουεν
849 3666 1004 3734 ἡμῶν·
1029 3659 1282 3718 κινδυνεύει
1303 3662 1358 3717 δὲ
1381 3663 1465 3719 διὰ
1487 3668 1540 3719 τὸ
1567 3672 1737 3728 πλῆθος
1758 3674 1851 3720 τῶν
1876 3674 2110 3739 σοφιστῶν
2143 3669 2363 3735 ἄχθεσθαι
2383 3670 2479 3728 τοῖς
2506 3675 2674 3739 φοιτῶ-

703 3771 774 3804 σιν
817 3751 880 3811 sic
907 3753 991 3809 τὴν
1016 3753 1183 3807 οἰκίαν.
1216 3746 1398 3812 ἐπειδὴ
1429 3762 1539 3827 γοῦν
1572 3756 1856 3828 ἐκρούσαμεν
1895 3758 1978 3814 τὴν
2018 3756 2178 3827 θύραν,
2220 3756 2404 3819 ἀνοίξας
2444 3756 2525 3809 καὶ
2562 3752 2675 3809 ἰδὼν

702 3841 852 3910 ἡμᾶς,
879 3830 970 3904 ἔζεε,
993 3840 1099 3909 ἔφη,
1127 3842 1350 3911 σοφισταί
1369 3859 1501 3902 τινες·
1523 3844 1574 3895 οὐ
1596 3844 1741 3910 σχολὴ
1766 3845 1917 3914 αὑτῷ.

875 3928 877 3931 ⁴
949 3930 1140 3994 (Plato,
1171 3937 1408 4002 Protag„
1433 3950 1494 3983 ex
1526 3949 1713 3987 recens.
1755 3933 1905 3997 Beck,
1932 3933 2030 3985 vol.
2060 3938 2107 3996 1,
2136 3942 2263 4000 part.
2291 3950 2335 3996 1,
2362 3950 2411 4001 p.
2448 3934 2600 3997 159.)

785 4058 834 4092 1.
873 4044 1056 4105 Varro,
1084 4046 1181 4111 111,
1211 4061 1260 4093 a.
