3059 5084
1493 498 1571 511 ....
1611 466 1655 529 6
1688 496 1773 513 .-

650 622 816 669 rum
839 602 1072 697 spatio
1105 610 1292 669 meta
1325 596 1583 669 melior
1608 601 1846 696 optari
1878 601 2131 697 possit,
2170 619 2393 693 quam
2428 594 2623 681 illud,

649 720 1040 795 umbratile
1093 745 1280 820 opus
1329 718 1535 818 quod
1574 724 1649 793 in
1684 720 2017 792 ultimam
2064 735 2345 793 aetatem
2378 724 2611 793 Varro

651 843 1007 918 distulisse
1038 841 1354 935 videtur,
1391 842 1484 917 ad
1507 842 1916 917 studiorum
1940 849 2463 921 varietatemet
2498 872 2611 918 se-

649 971 959 1042 nectutis
982 966 1503 1041 levamentum?
1538 969 1627 1038 At
1661 992 1752 1039 ne
1783 992 1918 1039 nos
1946 966 2233 1067 longius
2258 972 2487 1067 rapiat
2516 983 2615 1041 ta-

651 1091 740 1187 lis
759 1090 1161 1163 collationis
1188 1089 1551 1189 voluptas,
1589 1104 1661 1161 et
1682 1114 1724 1161 a
1750 1094 2107 1190 principio
2133 1096 2443 1188 agitetur
2464 1090 2617 1163 haec

653 1221 1242 1316 quaestiO‚utrum
1259 1230 1514 1290 auctor
1533 1214 1849 1289 voluerit
1872 1216 2055 1288 illud
2083 1242 2269 1317 opus
2290 1215 2382 1289 ad
2402 1215 2621 1289 lecto-

653 1348 750 1416 ris
780 1341 1330 1415 delectationem
1353 1340 1735 1431 conficere,
1760 1341 2040 1439 Virgilii
2064 1366 2270 1413 more
2293 1346 2366 1413 in
2394 1344 2619 1414 Geor-

653 1473 852 1567 gicis,
889 1491 980 1540 an
1015 1466 1286 1564 eloquii
1319 1481 1468 1539 arte
1498 1472 1795 1539 omnino
1841 1466 2121 1563 abjecta
2146 1520 2167 1558 ‚
2204 1467 2385 1539 nihil
2418 1467 2619 1541 aliud

653 1614 862 1690 agere
887 1652 892 1657 .
915 1614 1143 1688 quam
1209 1589 1663 1689 agriculturae
1739 1604 2094 1688 praecepta
2147 1587 2483 1662 ordinare
2546 1604 2621 1663 et

655 1717 1018 1817 explicare
1043 1770 1062 1807 ‚
1102 1720 1202 1789 M.
1230 1718 1472 1788 >Porcii
1505 1718 1796 1787 Catonis
1826 1718 2141 1815 vestigiis
2184 1720 2465 1787 tantum'
2508 1719 2619 1787 in·

655 1841 951 1913 sistens?

746 1960 856 2035 Ad
903 1958 1092 2033 hanc
1129 1965 1602 2060 quaestionem
1630 1960 2047 2035 solvendam
2069 2017 2089 2052 ,
2121 1986 2161 2033 e
2194 1986 2343 2059 qua
2383 1966 2621 2062 prima

659 2109 823 2185 pars
855 2084 1076 2182 hujus
1108 2082 1625 2156 dissertationis
1662 2083 1957 2183 pendet,
2012 2109 2297 2157 necesse
2342 2099 2451 2155 est
2492 2109 2626 2157 nos

658 2208 752 2282 ad
786 2208 1014 2284 libros
1045 2213 1393 2283 Varronis
1419 2224 1942 2281 convertamus.
1983 2216 2141 2284 Hoc
2170 2214 2390 2308 igitur
2416 2208 2626 2283 liceat
2742 2192 2748 2199 ’

659 2334 892 2425 nobiS,
923 2334 1240 2408 breviter
1271 2334 1565 2434 quidem
1592 2352 1664 2409 et
1690 2352 1906 2428 arcte,
1942 2351 2029 2409 ut
2050 2362 2165 2409 res
2196 2351 2435 2409 tamen
2462 2360 2626 2437 pos-

661 2460 868 2551 tulat,
903 2484 1282 2561 exponere.

1560 2898 1710 2966 III.

760 3210 1059 3282 Dedicat
1081 3214 1316 3316 Varro
1337 3209 1566 3283 libros
1592 3206 2098 3311 prooemiando
2120 3214 2331 3281 uxori
2347 3208 2631 3282 Funda-

663 3340 822 3425 niae,
859 3339 1138 3434 quippe
1175 3337 1336 3406 vitae
1386 3359 1532 3406 suae
1582 3338 1973 3405 terminum
2005 3337 2402 3432 praesentit;
2456 3330 2631 3403 dicit

664 3484 814 3532 non
863 3466 1013 3531 sine
1061 3459 1266 3531 senili
1313 3457 1627 3557 quadam
1668 3462 2013 3530 orationis
2042 3471 2450 3528 venustate:
2490 3485 2528 3521 α
2558 3460 2631 3527 Si

668 3598 775 3655 est
803 3582 1030 3655 homo
1062 3581 1290 3672 bulla,
1321 3608 1407 3655 eo
1433 3588 1655 3681 magis
1671 3608 1909 3657 senex.
1949 3613 1984 3650 »
2009 3586 2262 3681 Sperat
2289 3580 2623 3672 fundum,

666 3732 887 3807 quem
921 3711 1094 3778 emit
1135 3705 1529 3796 Fundania‚
1572 3706 2024 3779 fructuosum
2074 3704 2253 3793 fore,
2286 3708 2346 3777 si
2376 3704 2491 3777 his
2537 3704 2631 3777 de

603 3855 606 3857 ’
663 3836 767 3903 Re
804 3836 1096 3907 Rustica
1125 3836 1498 3931 praeceptis
1511 3833 1622 3902 uti
1652 3828 1848 3903 velit.
1887 3833 2040 3900 Diis
2072 3829 2371 3902 urbanis
2391 3827 2482 3901 ad
2507 3854 2629 3901 ve-

667 3959 1111 4027 nerationem
1125 3952 1508 4045 advocatis,
1546 3953 1867 4026 tabulam
1894 3956 2182 4025 instruit
2212 3957 2627 4026 Graecorum
2675 4055 2688 4066 ·
