3059 5084
1201 538 1281 554 ....
1317 507 1399 570 23
1437 537 1518 554 .-

479 638 934 712 Concedatur
986 638 1198 712 nobis
1240 637 1334 710 ad
1383 639 1525 711 hoc
1554 637 2098 738 praefiniendum
2130 637 2345 710 collo·

385 767 540 859 quii
569 787 792 860 genus
830 786 976 834 una
1001 788 1145 833 vox
1185 761 1385 832 exilis
1417 760 1745 858 quidem,
1784 766 1841 832 si
1876 766 2210 860 respicias
2252 758 2341 831 ad

379 884 693 958 Platonis
728 888 1132 984 ingenium,
1178 884 1297 956 hic
1329 909 1504 956 vero
1553 882 1953 976 sufficiens,
2001 888 2346 980 quoniam

379 1025 660 1088 tantum
684 1009 775 1082 de
808 1008 1043 1083 forma
1074 1009 1339 1108 dialogi
1372 1012 1645 1110 agitur:
1688 1009 1839 1081 haec
1882 1014 2087 1108 prior
2125 1012 2347 1108 igitur

378 1135 660 1208 dicatur
688 1137 989 1208 scenica.
2034 1141 2041 1150 ’

475 1258 710 1330 Altera
761 1256 1027 1371 dialogi
1077 1263 1294 1348 ratio,
1335 1263 1491 1349 cui,
1540 1273 1623 1330 ut
1673 1256 1878 1330 facile
1910 1264 2343 1358 concipitur,

376 1379 724 1452 nonnulla
780 1405 946 1450 cum
993 1385 1238 1478 priore
1291 1383 1771 1471 convenuint,
1822 1406 1972 1452 non
2020 1380 2347 1470 eamdem

380 1518 619 1575 tamen
667 1507 976 1602 speciem
1021 1500 1265 1576 habet.
1312 1501 1444 1574 Illa
1482 1509 1839 1576 sermonis
1876 1502 2111 1575 forma
2146 1505 2349 1577 nullo

381 1627 604 1699 modo
633 1643 737 1698 est
774 1627 1106 1724 figurata,
1142 1624 1266 1697 sed
1301 1624 1547 1723 plana,
1582 1625 1909 1724 simplex,
1946 1631 2203 1698 mentis
2235 1625 2346 1698 di-

374 1754 722 1821 vinationi
767 1748 966 1820 nulla
1005 1763 1130 1820 aut
1177 1771 1406 1848 pauca
1439 1745 1717 1818 tribuit.
1761 1748 2041 1820 Scilicet
2073 1754 2149 1818 in
2181 1749 2343 1848 phi-

373 1871 767 1970 losophicis
789 1872 1292 1971 Xenophontis
1309 1870 1510 1941 libris
1535 1876 1857 1944 Socrates
1876 1847 2357 1968 colloquitur3

377 1995 498 2066 sed
549 2019 694 2066 non
746 2009 851 2066 est
899 1994 1017 2066 ille
1065 1997 1178 2066 vir
1219 1998 1603 2090 ingenuus,
1648 1993 1941 2066 humilis
1982 1993 2097 2065 vel
2133 1999 2347 2066 etiam

375 2116 681 2190 stolidus
705 2171 724 2206 ‚
772 2141 992 2214 quem
1037 2115 1247 2216 fingit
1298 2117 1497 2188 Plato
1550 2146 1565 2188 z
1612 2122 1935 2189 Socrates
1969 2118 2087 2188 ille
2114 2124 2355 2190 Xeno-

375 2242 668 2343 phontis
711 2241 1281 2312 dissertationem
1311 2257 1382 2312 et
1420 2257 1772 2341 praecepta
1810 2243 2001 2316 ultro
2034 2244 2345 2342 amplec-

375 2371 578 2456 titur,
608 2369 926 2461 magistri
947 2379 1186 2463 partes
1207 2370 1526 2463 suscipit,
1547 2389 1682 2436 nec
1708 2365 1993 2438 dubitat
2024 2366 2229 2464 loqui
2254 2368 2345 2440 de

375 2494 759 2587 semetipso
799 2503 926 2560 aut
965 2487 1056 2558 de
1083 2494 1380 2558 numine
1423 2487 1779 2580 familiari,
1825 2505 1908 2561 ut
1933 2517 2158 2590 pauca
2193 2493 2346 2566 haec

375 2611 873 2684 demonstrant
927 2625 1256 2709 excerpta
1302 2610 1394 2681 ab
1454 2610 1567 2680 his
1618 2611 1860 2700 libris,
1899 2612 2169 2710 quihus
2200 2630 2349 2687 tam

375 2736 614 2832 inepte
672 2732 1165 2804 memorabilia
1220 2739 1641 2832 inscriptum
1696 2750 1823 2807 est.
1902 2741 2221 2834 Σωκράτης
2276 2733 2346 2809 δὲ

375 2863 578 2952 ὥσπερ
645 2857 1000 2954 ἐγίγνωσκεν
1040 2909 1060 2943 ,
1117 2862 1301 2936 οὕτως
1353 2858 1543 2952 ἔλεγε·
1585 2859 1657 2925 τὸ
1691 2851 1997 2953 δαιμόνιον
2054 2859 2170 2957 γὰρ
2232 2864 2341 2954 ἔφη

375 2982 708 3077 σημαίνειν.
796 2982 919 3050 Καὶ
978 2987 1220 3061 πολλοῖς
1291 2993 1410 3048 τῶν
1479 2977 1769 3061 ξυνόντων
1835 2985 2191 3077 προηγόρευε
2261 2983 2339 3052 τὰ

377 3108 484 3200 μὲν
525 3112 712 3173 ποιεῖν
745 3156 764 3191 ,
828 3103 909 3174 τὰ
959 3098 1030 3172 δὲ
1085 3087 1171 3200 μῆ
1207 3113 1391 3174 ποιεῖν
1411 3155 1430 3192 ,
1471 3113 1551 3185 ὡς
1587 3117 1692 3174 τοῦ
1730 3098 2041 3200 δαιμονίου
2094 3133 2341 3203 προση-

379 3229 687 3322 μαίνοντος
721 3233 769 3294 ¹.

471 3347 646 3419 Inde
685 3363 790 3418 est
814 3349 1036 3445 igitur
1069 3345 1372 3418 alterum
1399 3347 1542 3421 hoc
1568 3347 1834 3448 dialogi
1859 3375 2109 3449 genuS,
2135 3352 2338 3448 quod

372 3501 412 3547 a
458 3474 821 3574 platonico
866 3494 1194 3544 sermone
1245 3473 1388 3546 hoc
1436 3472 1706 3565 differt,
1756 3474 1960 3572 quod
1996 3480 2340 3549 orationis

374 3597 676 3670 modum
715 3621 998 3670 servare
1018 3603 1287 3696 potius,
1321 3623 1543 3694 quam
1580 3597 1877 3672 volitare
1919 3615 1990 3672 et
2025 3614 2339 3672 mentem

373 3724 521 3797 huc
553 3737 625 3796 et
644 3723 816 3796 illuc
852 3723 1135 3814 trahere
1167 3723 1474 3796 laborat.
1519 3729 1718 3799 Hanc
1751 3723 2054 3798 formam
2087 3729 2161 3798 in
2193 3731 2333 3802 Xe-

451 4041 497 4075 1.
535 4025 771 4094 Xenoph.
803 4021 1071 4076 Memorab.
1097 4029 1140 4086 Ι,
1176 4042 1223 4074 ι.
