3059 5084
1284 538 1366 554 ...
1403 508 1484 570 ω
1521 540 1604 555 .-

455 660 702 735 opera,
747 643 846 709 ita
885 652 957 709 et
987 642 1064 709 in
1103 640 1450 736 scriptore
1487 637 1675 709 duos
1705 643 2009 711 extitisse
2049 645 2257 713 viros.
2296 646 2425 715 Vir

453 768 794 860 antiquus
827 778 902 833 et
940 788 1183 835 recens
1209 762 1422 835 simul
1452 760 1592 835 fuit
1616 769 1875 853 Varr0,
1912 769 2256 862 antiquus
2286 788 2423 866 pro

455 882 743 974 studiis,
792 910 926 983 pro
966 884 1245 975 indole,
1303 910 1437 984 pro
1493 891 1833 985 gravitate
1880 886 2307 959 eruditionis
2349 894 2425 961 in

455 1029 602 1102 qua
634 1019 742 1076 tot
774 1030 1000 1077 annos
1035 1004 1343 1078 delituit.
1380 1011 1464 1077 In
1498 1006 1832 1106 pluribus
1859 1006 2037 1078 locis
2067 1006 2426 1080 librorum

455 1127 546 1201 de
581 1136 686 1201 Re
717 1134 1006 1202 Rustica
1044 1129 1507 1229 reprehendit
1533 1147 1991 1231 sumptuosas
2031 1132 2261 1223 villaS,
2306 1159 2423 1205 ar-

455 1267 589 1342 teS‚
615 1253 897 1325 tabulas
929 1269 1000 1325 et
1021 1260 1245 1353 signa,
1278 1254 1470 1326 culta
1493 1254 1648 1326 haec
1671 1260 1913 1326 omnia
1942 1270 2015 1325 et
2042 1262 2421 1353 exquisita,

455 1399 618 1472 quae
653 1380 905 1447 Cicero
939 1382 1045 1447 vir
1084 1376 1302 1475 plane·
1324 1402 1557 1449 novus
1588 1375 1997 1477 diligebat1.
2032 1382 2273 1451 Mores
2295 1404 2425 1451 an-

455 1502 699 1594 tiquos
731 1495 822 1569 ad
856 1497 1123 1570 coelum
1158 1496 1369 1570 effert
1403 1504 1638 1572 Varro
1662 1552 1681 1589 ‚
1712 1504 1825 1570 vir
1862 1506 1935 1573 in
1970 1526 2271 1573 caesarea
2304 1502 2426 1573 illa

455 1640 529 1695 et
569 1629 1019 1696 ciceroniana
1071 1625 1260 1697 urbe
1309 1651 1476 1697 vere
1523 1625 1830 1698 Sabinus
1876 1644 2001 1699 aut
2042 1634 2421 1721 EtruscuS,

453 1747 686 1819 durus
720 1747 1058 1846 agricola,
1105 1748 1334 1821 durus
1365 1756 1697 1849 scriptor,
1742 1765 1816 1823 et
1846 1757 1975 1849 qui
2008 1778 2153 1823 non
2190 1753 2425 1824 solum

453 1887 769 1945 veterem
802 1874 1343 1972 agriculturam,
1375 1874 1499 1945 sed
1535 1890 1605 1945 et
1636 1880 1939 1947 Romam
1968 1882 2191 1975 ipsam
2227 1892 2425 1950 vete-

456 2023 612 2069 rem
649 1997 1105 2070 desideraret.
1133 2004 1647 2071 Verumtamen
1670 2008 1800 2073 etsi
1832 2028 2069 2074 mores
2088 2008 2427 2101 antiquos

455 2128 688 2196 Varro
745 2129 1156 2213 servaverit,
1207 2130 1320 2194 vir
1377 2150 1611 2197 novus
1664 2124 1804 2197 dici
1844 2125 2097 2216 debet,
2149 2130 2425 2226 quippe

455 2245 593 2319 fuit
623 2274 708 2319 ex
731 2246 1204 2321 familiaribus
1217 2253 1609 2337 CiceroniS‚
1644 2253 2030 2346 conjuncte
2054 2257 2228 2322 vixit
2249 2277 2421 2323 cum

455 2376 540 2441 iis
560 2370 898 2444 omnibus
917 2370 1189 2468 quibus
1206 2376 1494 2445 Caesaris
1518 2388 1685 2443 aetas
1704 2373 2063 2465 inclaruit,
2089 2398 2219 2472 per
2240 2396 2428 2471 quos

455 2494 812 2586 doctrina,
849 2496 1222 2593 eloquium
1257 2513 1330 2569 et
1361 2512 1547 2577 artes
1578 2497 1968 2590 florebant3
1990 2503 2425 2576 aetatemAu-

456 2626 644 2721 gusti
671 2620 963 2694 demum
995 2622 1350 2696 salutavit.

552 2751 655 2817 Ex
693 2747 832 2819 hac
876 2747 1220 2847 peculiari
1259 2746 1673 2819 conditione
1697 2752 1859 2819 vitae
1887 2752 2232 2818 Varronis
2258 2746 2427 2819 libri

457 2869 550 2942 de
596 2875 701 2942 Re
747 2877 1037 2943 Rustica
1071 2877 1434 2971 praecipue
1471 2876 1545 2942 in
1594 2878 1828 2970 pretio
1881 2870 2196 2943 habendi
2236 2886 2424 2943 sunt.

532 3170 582 3208 1.
620 3158 814 3205 Hermae
840 3154 910 3205 tui
941 3154 1168 3221 Pentelici
1190 3170 1300 3205 cum
1321 3154 1558 3222 capitibus
1592 3153 1753 3216 aeneis,
1779 3152 1841 3203 de
1864 3152 2040 3219 quibus
2073 3152 2136 3202 ad
2170 3168 2249 3202 me
2270 3150 2426 3219 scrip-

453 3244 556 3295 sisti
589 3246 688 3311 jam
711 3259 844 3295 nune
869 3260 948 3294 me
993 3244 1254 3295 admodum
1290 3244 1545 3294 delectant.
1573 3246 1737 3308 Quare
1767 3241 1931 3303 velim,
1960 3250 2009 3291 et
2046 3258 2149 3307 eos,
2187 3250 2237 3291 et
2270 3242 2424 3307 signa,

454 3342 505 3384 et
531 3342 726 3395 cae-tera,
765 3348 874 3399 quae
909 3331 998 3383 tibi
1037 3334 1141 3401 ejus
1184 3331 1297 3392 loci,
1337 3342 1384 3382 et
1433 3332 1584 3383 nostri
1626 3331 1792 3394 studii,
1835 3339 1886 3381 et
1920 3340 2014 3379 tuae
2042 3329 2285 3395 elegantiae
2326 3345 2429 3379 esse

453 3422 770 3484 videbuntur,
806 3438 953 3488 quam
979 3421 1202 3488 plurima,
1241 3436 1386 3487 quam
1414 3419 1723 3488 primumque
1758 3419 1937 3481 mittas,
1974 3427 2024 3468 et
2055 3417 2281 3478 maxime,
2316 3434 2426 3484 quae

459 3508 548 3559 tibi
571 3509 802 3577 gymnasii
833 3508 999 3577 xystici
1014 3525 1110 3576 que
1131 3507 1423 3558 videbuntur
1441 3523 1561 3559 esse.

561 3597 736 3661 (Cicer.
749 3630 766 3659 ,
789 3596 950 3667 Epist.
973 3594 1045 3646 ad
1059 3596 1235 3659 Attio„
1251 3603 1295 3662 1,
1315 3597 1346 3645 5
1367 3612 1381 3658 ;
1409 3596 1491 3648 ed.
1511 3599 1565 3646 J.
1584 3598 1650 3647 V.
1675 3600 1742 3647 Le
1760 3596 1917 3655 clerc,
1938 3595 2019 3645 in·
2034 3612 2051 3643 ι
2064 3612 2116 3658 2,
2132 3594 2229 3645 vol.
2246 3592 2423 3662 XXI.)

524 3739 666 3805 Signa
692 3747 858 3789 nostra
885 3747 935 3789 et
962 3738 1305 3802 hermernclas,
1343 3747 1399 3789 ut
1429 3738 1617 3806 scribis,
1644 3754 1797 3803 quum
1826 3736 2207 3789 commodissime
2246 3735 2428 3803 poteris

453 3829 598 3880 velim
628 3830 861 3899 imponas,
887 3838 938 3881 et
961 3830 1159 3898 siquod
1195 3830 1328 3881 aliud
1359 3840 1430 3881 est
1455 3828 1615 3880 οἰκεῖον
1642 3829 1743 3894 ejus
1778 3829 1891 3892 loci,
1928 3844 2073 3895 quem
2110 3844 2209 3878 non
2240 3828 2430 3894 ignoras

452 3917 684 3985 reperies,
713 3925 765 3967 et
788 3917 1016 3991 maxime,
1041 3934 1150 3984 quae
1173 3915 1258 3967 tibi
1277 3916 1506 3984 palaestrae
1527 3915 1855 3982 gymnasiique
1876 3913 2171 3965 videbuntur
2198 3931 2319 3968 esse.

1361 4023 1553 4093 (Epist.
1576 4019 1647 4071 ad
1666 4020 1846 4088 Ante„
1872 4024 1913 4082 1,
1954 4022 2068 4087 ιο.)
