3059 5084
1491 545 1569 561 ....
1606 515 1651 579 8
1690 545 1771 562 ..-

735 645 910 720 Inde
941 647 1062 720 alii
1094 651 1616 745 superveniunt
1632 698 1653 736 ,
1687 649 1767 716 C.
1802 644 2097 716 Licilius
2124 644 2327 716 Stolo
2362 658 2434 714 et
2462 647 2567 716 Cn
2580 697 2597 713 .

639 768 1062 843 Tremellius
1107 767 1356 841 Scrofa
1375 822 1397 859 ,
1442 783 1751 866 uterque
1792 793 2105 840 romanae
2148 766 2602 866 agricultura>

641 898 1132 996 peritissimus,
1163 897 1415 992 Neque
1452 917 1623 965 vero
1653 891 2134 965 omittendum
2166 915 2393 989 genus
2423 889 2604 962 illud

642 1021 1156 1116 cognominum
1189 1040 1352 1114 quae
1375 1012 1802 1113 deprompta
1830 1039 1871 1084 e
1898 1012 2097 1084 fonte
2130 1013 2473 1111 analogiae
2495 1017 2607 1082 ni-

642 1147 868 1214 mium
903 1139 1277 1242 pellucidae
1305 1156 1380 1212 et
1405 1166 1574 1212 vere
1610 1145 1980 1212 rusticanae
2011 1139 2223 1211 nobis
2242 1137 2600 1210 videntur.

639 1270 747 1341 Ne
772 1273 934 1365 quis
960 1281 1201 1339 autem
1230 1281 1508 1339 censeat
1531 1265 1653 1337 hic
1694 1291 1828 1364 pro
1860 1268 2162 1362 antiquo
2201 1289 2401 1336 more
2440 1289 2620 1363 per·-

641 1391 834 1460 sonis
891 1401 1161 1460 servata
1223 1384 1436 1459 fuisse
1489 1391 1829 1486 pecuaria
1878 1385 2208 1483 quaedam
2260 1391 2558 1458 nomina
2581 1438 2602 1476 ,

640 1537 802 1610 quae
843 1515 1150 1584 Romani
1204 1512 1377 1584 olim
1417 1510 1665 1584 liberis
1699 1510 2170 1610 imponebant
2192 1521 2241 1580 ¹.
2276 1515 2452 1581 Mox
2481 1534 2604 1582 ea·

641 1637 808 1710 dem
854 1662 898 1710 a
943 1641 1294 1726 Varrone,
1338 1641 1414 1708 in
1447 1635 1796 1733 colloquii
1827 1641 2313 1708 amoenitatem
2348 1649 2419 1706 et
2453 1660 2607 1706 sen-

641 1767 1028 1834 tentiarum
1087 1759 1567 1858 quarumdam
1626 1758 2077 1833 festivitatem
2102 1814 2120 1850 ‚
2174 1759 2343 1832 ficta
2384 1759 2605 1832 fuisse

641 1883 939 1988 patebit.

739 2009 918 2099 Quae
951 2009 1092 2078 sint
1121 2005 1573 2105 agriculturae
1607 2009 1960 2105 principia
1994 2019 2067 2076 et
2092 2010 2304 2076 variae
2336 2020 2601 2103 parteS,

643 2153 774 2228 per
803 2150 1219 2199 sermonum
1255 2133 1446 2199 vices
1471 2131 1663 2198 inter
1690 2125 2167 2199 collocutores
2194 2132 2601 2225 exponitur.

641 2250 1075 2346 Plerumque
1124 2248 1324 2320 Stolo
1367 2265 1438 2322 et
1477 2247 1725 2321 Scrofa
1764 2255 2031 2347 primas
2073 2263 2311 2347 partes
2355 2248 2604 2320 defen-

642 2373 864 2462 dunt3
910 2372 1295 2476 expediunt
1347 2373 1640 2446 alternis
1692 2377 2052 2444 sententiis
2104 2370 2462 2469 quidquid
2512 2370 2609 2445 ad

643 2498 881 2572 solum
939 2495 1147 2570 fundi
1177 2552 1196 2589 ,
1261 2504 1412 2596 agri
1477 2497 1899 2596 qualitatem
1952 2510 2025 2568 et
2079 2501 2393 2594 speciem
2444 2501 2609 2566 vitis

643 2634 939 2720 spectet.
1002 2618 1178 2690 Inde
1235 2625 1474 2718 agitur
1526 2619 1619 2691 de
1681 2616 2016 2718 ponenda
2064 2632 2139 2689 et
2194 2616 2609 2690 aedificanda

643 2741 838 2832 villa,
875 2757 947 2814 et
982 2742 1218 2815 obite-1·
1255 2748 1485 2842 carpit
1511 2747 1747 2815 Varro
1784 2741 1987 2814 villas
2020 2747 2325 2814 nimium
2354 2767 2604 2840 sump-

645 2881 888 2938 tuosas
917 2893 954 2931 α
985 2890 1150 2963 quae
1173 2888 1341 2936 cum
1371 2865 1639 2937 Metelli
1673 2888 1759 2938 ac
1782 2865 2066 2937 Luculli
2086 2865 2271 2936 villis
2295 2869 2607 2963 pessimo

649 2989 946 3092 publico
989 2988 1356 3063 aedificatis
1389 3004 1666 3062 certant
1690 3002 1742 3060 ².
1788 3021 1823 3056 n
1858 2995 1986 3061 His
2019 3004 2091 3061 et
2134 2990 2291 3062 aliis
2326 2994 2400 3060 in
2433 2989 2611 3061 loc‘is
2676 2999 2689 3008 “
2722 3019 2728 3023 ·

647 3117 912 3186 artium
951 3111 1453 3186 illecebrarum
1487 3127 1563 3184 et
1601 3111 1968 3184 immodici
2010 3129 2339 3214 sumptus
2370 3119 2609 3213 exagi-

647 3253 951 3312 tatorem
985 3263 1061 3310 se
1094 3242 1326 3310 Varro
1359 3235 1691 3311 declarat.
1718 3241 1957 3330 Quam
1987 3239 2287 3336 quidem
2322 3241 2609 3312 obtrec-

651 3368 991 3435 tationem
1038 3375 1375 3435 notemus
1421 3387 1583 3460 quae
1633 3367 1709 3433 in
1756 3367 1913 3434 viro
1956 3367 2269 3462 ingenita
2299 3362 2610 3454 videtur,

653 3501 726 3560 et
741 3486 952 3558 nobis
980 3511 1167 3588 opus
1195 3485 1372 3560 illud
1407 3486 1915 3588 indagantibus
1942 3495 2149 3587 quasi
2172 3487 2404 3562 facem
2432 3515 2619 3590 prae-

651 3609 838 3685 ferre
869 3616 1157 3712 poterit.

729 3809 749 3842 ι
762 3831 776 3846 .
817 3781 1026 3842 ἐτίθεντο
1051 3785 1132 3841 καὶ
1166 3786 1328 3842 παισὶν
1361 3789 1542 3855 αὐτῶν,
1585 3791 1813 3856 cumane,
1854 3789 1936 3844 καὶ
1970 3762 2292 3857 ponentur-oue,
2320 3789 2403 3845 καὶ
2442 3810 2629 3865 καπρα-

649 3878 794 3952 ρίους,
815 3877 1041 3950 ὀνόματα,
1059 3874 1139 3930 καὶ
1161 3877 1393 3950 mentione,
1411 3877 1599 3950 κάπρας
1622 3880 1725 3949 μὲν,
1758 3878 1845 3940 τὰς
1882 3874 2049 3952 αἶγας,
2074 3879 2300 3952 πόρκους,
2324 3879 2432 3941 τοὺς
2450 3880 2631 3953 κοίρους

650 3965 963 4035 ὀνομάζοντας.
997 3966 1287 4032 (Plutarch,
1316 3965 1431 4017 Vc‘ea
1456 3965 1724 4034 Publica„
1744 3970 1912 4035 xm.)

725 4071 776 4105 a.
815 4057 888 4107 M.
911 4057 972 4110 Τ.
995 4059 1175 4116 Varro,
1212 4053 1273 4106 de
1299 4057 1364 4110 R.
1389 4057 1481 4117 R„
1505 4057 1547 4117 1,
1571 4057 1651 4106 ι3.
