3059 5084
1551 503 1631 519 ....
1668 473 1751 537 22
1788 505 1870 519 ..-

823 605 1116 699 Antiqui
1155 599 1422 700 dialogi
1453 625 1819 701 campum,
1866 616 1951 673 ut
1987 606 2085 673 ita
2128 599 2451 673 dicamus
2470 649 2492 688 ,
2535 621 2683 669 uno

727 739 1018 825 aspectu
1045 724 1685 825 comprehendenti
1706 778 1725 815 ,
1759 723 1919 796 duae
1938 728 2309 825 praecipuae
2340 735 2688 821 apparent

727 848 1108 921 divisiones
1125 900 1145 939 ,
1189 847 1462 946 quibus
1503 853 1739 921 omnis
1771 846 2235 949 philosophia
2254 900 2275 938 ,
2323 846 2688 919 dialectica

726 987 852 1047 aut
893 971 1306 1070 eloquentia
1329 976 1761 1044 continetur.
1803 976 2038 1043 Prima
2068 975 2411 1043 nimirum
2441 967 2693 1043 acade-
2728 971 2736 978 ’

728 1100 912 1169 mica
945 1110 1072 1167 aut
1097 1100 1394 1167 omnino
1415 1092 1803 1167 Platonica
1830 1093 1971 1166 dici
2001 1092 2241 1184 debet,
2273 1120 2434 1191 quae
2458 1092 2693 1164 divina

729 1216 1123 1315 eloquendi
1172 1233 1246 1289 et
1281 1218 1845 1318 philosophandi
1893 1217 2255 1309 facultate,
2310 1234 2437 1291 aut
2480 1222 2693 1323 etiam

731 1342 1094 1441 Delphico
1117 1347 1439 1433 numine,
1455 1357 1540 1413 ut
1567 1346 1668 1413 ait
1685 1345 1960 1435 Cicero,
1984 1340 2078 1413 ad
2103 1356 2419 1413 mentem
2445 1341 2695 1414 huma-

729 1490 901 1538 nam
929 1470 1232 1537 terrenis
1263 1489 1307 1537 a
1339 1464 1755 1563 regionibus
1794 1464 2235 1537 avocandam
2264 1464 2554 1537 videtur
2583 1470 2693 1536 in-

731 1604 1036 1661 structa:
1071 1593 1370 1668 omnino
1420 1591 1619 1659 varia
1638 1642 1657 1679 ,
1716 1586 2115 1687 multiplex,
2179 1593 2457 1661 incessu
2501 1612 2697 1660 nuuc

732 1710 1054 1800 humilis,
1099 1733 1292 1781 nunc
1327 1714 1643 1799 sinuosa,
1691 1734 1883 1789 nunc
1920 1709 2270 1802 sublimis,
2307 1710 2399 1809 de
2424 1717 2699 1785 cunctis

734 1833 956 1906 rebus
996 1832 1360 1919 dubitanS‚
1402 1832 1504 1903 nil
1537 1831 1939 1924 affirmanS,
1977 1833 2076 1903 nil
2116 1840 2573 1907 constituens.
2610 1841 2701 1910 At

731 1960 886 2056 ipse
915 1961 1147 2030 Varro
1167 2008 1186 2045 ,
1213 1970 1298 2027 ut
1338 1980 1773 2053 usurpemus
1806 1980 1890 2027 ea
1930 1981 2090 2052 quae
2134 1957 2409 2029 Tullius
2448 1957 2539 2030 de
2579 1963 2702 2031 So·

733 2093 928 2160 crate
959 2092 1086 2151 aut
1112 2076 1404 2149 Platone
1425 2076 1637 2149 dicit:
1678 2108 1713 2143 <x
1742 2082 1851 2149 Ita
1864 2076 2180 2177 disputat
2194 2095 2285 2163 ,ut
2309 2080 2490 2151 nihil
2516 2079 2703 2153 affir-

631 2237 636 2243 ·
735 2215 883 2273 met
917 2205 1094 2300 ipse,
1143 2197 1418 2271 refellat
1439 2199 1659 2286 alios;
1690 2200 1871 2271 nihil
1904 2226 1979 2272 se
2006 2207 2184 2273 scire
2216 2201 2429 2293 dicat,
2462 2208 2601 2275 nisi
2620 2202 2695 2275 id

736 2325 1022 2420 ipsum;
1081 2346 1316 2419 eoque
1379 2337 1711 2421 praestare
1760 2328 2027 2395 caeteris
2080 2322 2283 2420 quod
2332 2324 2438 2395 illi
2458 2378 2477 2415 ,
2540 2350 2699 2421 quae

737 2424 1095 2540 nesciant,
1151 2450 1330 2519 scire
1369 2471 1442 2517 se
1481 2460 1776 2544 putent;
1827 2451 2004 2545 ipse,
2040 2472 2116 2519 se
2152 2447 2335 2519 nihil
2366 2452 2545 2519 scire
2565 2501 2584 2538 ,
2626 2447 2701 2519 id

740 2594 976 2641 unum
1006 2575 1213 2659 sciat;
1238 2568 1335 2641 ob
1369 2593 1677 2666 eamque
1705 2596 1860 2641 rem
1892 2594 1967 2643 se
1999 2571 2338 2645 arbitrari
2369 2572 2463 2645 ab
2486 2572 2701 2671 Apol-

733 2691 878 2763 line
913 2698 1239 2763 omnium
1263 2697 1862 2792 sapientissimum
1892 2719 2041 2767 esse
2062 2694 2337 2769 dictum
2360 2706 2409 2767 ¹.
2454 2726 2489 2763 n

836 2816 1033 2911 Quid
1068 2833 1312 2890 autem
1341 2819 1434 2891 ad
1464 2819 1761 2892 laudem
1794 2820 2062 2893 horum
2094 2848 2512 2897 sermonum
2536 2822 2704 2899 sub·

731 2944 861 3041 jici
897 2948 1157 3043 possit,
1195 2948 1472 3042 Hippiae
1504 2945 1803 3035 scilice-t,
1840 2951 2273 3045 Protagorae,
2310 2952 2595 3047 Gorgiae
2634 2964 2708 3021 et
2784 2927 2787 2929 v

741 3065 1214 3163 Euthydemi,
1264 3072 1393 3163 qui
1427 3066 1629 3139 infixi
1660 3083 1830 3140 sunt
1862 3074 1936 3139 in
1970 3075 2297 3143 omnium
2324 3087 2595 3163 mente,
2632 3087 2710 3143 et

743 3192 815 3261 in
847 3187 1521 3284 quibusinterdum
1560 3188 1933 3288 platonicae
1971 3192 2073 3263 illi
2114 3192 2472 3265 altitudini
2503 3219 2710 3267 vene-

744 3339 861 3385 res
889 3313 1383 3412 Aristophanis
1414 3313 1942 3387 admiscentur?
1974 3322 2110 3389 Cui
2126 3343 2275 3391 non
2288 3318 2712 3393 obversatur

744 3442 991 3510 animo
1018 3442 1118 3509 vis
1155 3436 1276 3509 illa
1311 3438 1883 3535 argumentandi,
1905 3447 2039 3518 ,cui
2070 3466 2218 3514 non
2246 3441 2537 3537 jocandi
2567 3442 2709 3514 ele-

747 3563 986 3659 gantia
1009 3610 1030 3647 ,
1079 3564 1523 3657 propriaque
1558 3563 1865 3632 Socratis
1920 3576 1991 3633 et
2029 3560 2405 3660 singularis
2448 3567 2708 3652 imnia,

745 3680 1015 3778 quibus
1045 3680 1400 3778 legentem
1442 3681 1660 3755 divini
1698 3707 1865 3755 vere
1896 3687 2011 3766 isti
2042 3684 2518 3759 collocutores
2552 3710 2711 3784 gra-

747 3802 969 3876 datim
1002 3802 1096 3876 ad
1130 3804 1396 3876 coelum
1430 3805 1794 3878 evehunt?

826 3998 873 4031 ι.
912 3979 1197 4035 Academic.
1221 3988 1294 4051 11,
1318 3980 1406 4036 lib.
1446 4000 1486 4052 1,
1511 3993 1566 4043 4.
