3059 5084
1259 525 1328 542 ..
1376 496 1456 560 13
1495 527 1576 544 .-

420 627 664 702 babile
709 624 1101 700 videbitur.
1133 624 1526 698 Schneider
1564 629 1785 724 igitur
1816 623 2154 700 adfirmat
2180 649 2197 695 t
2223 655 2257 691 α
2280 623 2387 696 Ad

422 758 648 853 ipsius
713 754 1118 850 argumenti
1184 756 1680 824 tractationem
1748 749 1931 822 nihil
1994 748 2385 822 desiderari

423 899 632 974 posse
675 898 717 946 a
749 872 1017 946 lectore
1042 882 1093 942 ¹.
1126 902 1160 938 n
1209 872 1410 944 Idem
1454 871 1745 968 adjicit:
1786 903 1822 940 α
1850 877 2149 946 Scenam
2196 897 2381 949 non-

424 996 602 1071 dum
645 1001 741 1069 ita
797 1019 945 1069 esse
991 1012 1405 1100 apparatam
1447 1023 1489 1070 a
1522 1001 1848 1072 Varrone
1864 1045 1885 1088 ,
1926 1012 2011 1071 ut
2046 1023 2389 1098 personas

425 1119 736 1220 singulas
774 1144 1234 1194 nosceremus
1256 1172 1277 1212 ,
1325 1145 1761 1220 causamque
1798 1146 1961 1220 quae
1998 1146 2121 1196 eas
2166 1121 2387 1196 colle·

421 1258 625 1344 gerat
648 1248 721 1315 in
752 1242 985 1316 un'um
1007 1242 1273 1316 locum.
1306 1274 1340 1310 n

519 1373 686 1440 Haec
716 1365 1158 1440 Schneidero
1203 1367 1709 1460 concedamuS,
1754 1366 2107 1442 fateamur
2146 1384 2384 1442 tamen

421 1490 609 1563 hanc
624 1491 780 1586 ejus
796 1495 1010 1564 nimis
1032 1490 1364 1565 acerbam
1385 1506 1456 1565 et
1484 1490 2383 1593 paululumscioppianam

420 1613 638 1688 fuisse
683 1621 1146 1688 assertionem
1187 1615 1488 1687 dicentis
1532 1620 1861 1714 ineptam
1893 1639 2045 1687 esse
2092 1620 2388 1688 Gesneri

422 1739 937 1832 defensionem,
967 1745 1098 1838 qui
1119 1745 1521 1814 Varronem
1540 1745 1900 1838 putaverit
1922 1740 2061 1813 hac
2080 1740 2392 1841 abrupta

420 1887 551 1935 sua
577 1870 862 1937 actione
879 1870 955 1934 in
977 1861 1053 1935 id
1073 1861 1484 1954 intendisse,
1506 1877 1592 1934 ut
1617 1877 1994 1963 poetarum
2011 1868 2389 1962 epicorum

423 2012 700 2059 morem
733 1986 1100 2061 resen-rev.
1135 1991 1242 2060 Ne
1265 1985 1657 2060 Schneider
1688 1987 1900 2088 plane
1932 1994 2259 2086 ineptum
2290 1986 2390 2063 di-

422 2124 536 2182 cat
568 2113 968 2184 Gesnerum
1019 2114 1148 2207 qui
1199 2136 1349 2183 non
1398 2109 1742 2183 habuerit
1788 2110 2078 2184 aliunde
2119 2112 2389 2207 justam

411 2236 768 2304 Varronis
813 2230 1160 2329 colloquii
1208 2238 1757 2308 excusationem.
1815 2238 2222 2306 Fortuitum
2262 2236 2391 2331 igi·

423 2369 570 2446 tur,
615 2359 676 2426 si
724 2380 871 2426 non
911 2360 1234 2454 epicum,
1287 2380 1575 2428 necesse
1607 2372 1714 2429 est
1759 2355 2077 2429 declaret
2106 2356 2389 2429 abitum

423 2478 642 2576 hujus
671 2486 967 2572 actoriS,
1005 2486 1136 2578 qui
1168 2478 1500 2560 nondum
1525 2483 1847 2573 intravit,
1902 2495 1975 2554 et
2008 2481 2157 2578 jam
2181 2479 2381 2554 abiit.

515 2602 1026 2694 Nihilominus,
1048 2617 1122 2676 et
1143 2601 1412 2674 lacunae
1431 2607 1773 2703 opinione
1801 2602 2085 2700 rejecta,
2114 2607 2387 2702 quippe

421 2730 496 2797 in
531 2724 672 2798 hoc
703 2729 973 2798 Gesner
1001 2741 1075 2797 et
1105 2723 1496 2798 Schneider
1538 2729 2020 2814 consentiunt,
2064 2720 2388 2796 animad-

419 2863 781 2941 vertamus
830 2849 1018 2922 hanc
1095 2853 1505 2922 varroniani
1554 2848 1901 2946 colloquii
1954 2825 2393 2947 peculiarem

418 2972 744 3065 formam,
781 3000 945 3073 quae
967 2975 1237 3048 nullius
1269 2980 1664 3048 intercessu
1695 2973 2017 3047 numinis
2036 2974 2151 3046 vel
2188 2979 2391 3046 rusti-

419 3105 606 3190 cani,
641 3100 840 3172 nulla
859 3099 1164 3200 alialege
1185 3125 1408 3198 quam
1429 3100 1854 3199 phantasiae
1874 3098 2173 3172 arbitrio
2201 3113 2389 3174 acto·

421 3246 535 3294 res
563 3201 843 3293 inducit
871 3236 1000 3294 aut
1029 3221 1352 3294 dimittit.

514 3345 837 3418 Habetin·
864 3346 1316 3444 colloquium
1347 3343 1438 3418 de
1481 3349 1758 3444 origine
1788 3369 1871 3419 ac
1903 3344 2247 3446 dignitate
2280 3348 2385 3418 rei

417 3474 800 3568 pecuariae;
823 3473 1055 3542 Varro
1075 3483 1353 3568 partem
1369 3473 1665 3568 suscipit
1681 3467 2126 3560 historicam,
2148 3468 2271 3544 sed
2298 3492 2385 3541 ea

413 3590 824 3664 conditione
850 3607 936 3664 ut
961 3591 1445 3665 collocutores
1477 3595 1677 3682 novi,
1718 3621 1755 3658 α
1784 3597 2112 3691 epirotici
2146 3606 2384 3692 pasto-

417 3740 559 3808 res,
586 3745 621 3782 »
660 3730 747 3787 ut
771 3740 896 3788 eos
916 3715 1258 3816 appellat,
1295 3721 1370 3787 in
1387 3720 1689 3814 Epirum
1708 3719 1901 3789 enim
1925 3739 2136 3804 scena
2152 3731 2383 3788 trans-

489 3939 532 3970 1.
567 3924 643 3972 10.
671 3923 733 3972 G.
752 3919 1034 3973 schneider.
1071 3928 1335 3972 comment.
1367 3919 1420 3971 in
1445 3924 1621 3983 Varia,
1648 3924 1719 3985 11,
1750 3937 1796 3970 1.
1822 3919 1977 3986 (Cum
1996 3923 2135 3974 Men.
2164 3919 2384 3987 diseas.)

484 4026 537 4059 2.
574 4009 752 4076 Script.
779 4013 842 4063 R.
875 4015 943 4062 R.
973 4017 1175 4061 curante
1198 4013 1271 4062 Io.
1297 4012 1374 4061 M.
1412 4011 1567 4062 Gesn.
1592 4008 1749 4066 izi-4⁰.
1770 4007 1960 4076 Lipsiae,
1981 4025 2039 4076 p,
2068 4010 2188 4060 235.
