3059 5084
812 597 1279 697 Colloquium
1308 621 1478 669 vere
1527 602 1879 671 rusticum
1924 600 2001 669 in
2042 600 2521 669 oeconomiam
2566 598 2677 665 in-

717 721 922 796 duxit
965 721 1166 794 hunc
1207 719 1496 794 dulcem
1546 735 1619 793 et
1652 726 2047 819 ingenuum
2092 745 2496 793 sermonem
2550 744 2681 819 per

718 870 937 944 quem
959 844 1270 944 agricola
1293 846 1545 941 juveni
1578 845 1870 943 conjugi
1900 869 2065 942 quae
2084 841 2333 917 futura
2350 847 2491 916 sint
2513 840 2680 914 offi-

716 972 828 1041 cia
859 966 1322 1041 demonstrat.
1365 971 1627 1041 Gratiae
1656 972 1829 1068 ipsae
1868 965 2232 1040 finxerunt
2260 965 2451 1039 hanc
2483 989 2680 1038 com-

718 1094 1170 1191 parationem
1200 1089 1520 1165 mulieris
1570 1096 1862 1191 agrariae
1894 1144 1915 1183 ,
1952 1116 2115 1189 quae
2147 1103 2405 1190 praeest
2450 1086 2637 1163 villoe
2652 1140 2677 1180 ,

719 1236 886 1287 cum
926 1240 1148 1315 apum
1178 1220 1428 1313 regina
1451 1239 1615 1313 quae
1646 1229 1905 1315 praeest
1933 1213 2114 1288 favis
2134 1224 2187 1286 ¹.

813 1336 991 1412 Inde
1021 1354 1298 1413 constat
1334 1344 1817 1415 oeconomiam
1848 1339 1965 1413 vel
1994 1337 2547 1439 agriculturam,
2590 1335 2683 1412 de

719 1486 868 1561 qua
919 1462 1234 1563 plurima
1277 1463 1457 1538 dixit
1500 1464 1913 1565 Xenophon
1933 1517 1954 1556 ,
1982 1489 2134 1537 non
2169 1466 2241 1535 ei
2268 1460 2500 1541 fuisse
2524 1487 2681 1535 rem

718 1584 1150 1680 technicam,
1171 1612 1408 1686 quam
1441 1587 1704 1663 docere
1726 1586 1969 1685 ⁴vellet,
1988 1586 2225 1686 qualis
2240 1591 2545 1660 Varroni
2571 1610 2682 1659 res

719 1717 988 1785 rustica
1024 1710 1164 1786 fuit
1180 1767 1200 1804 ,
1257 1728 1541 1787 tantum
1586 1708 1931 1785 ductilem
1974 1715 2349 1785 materiam
2365 1763 2386 1801 ,
2438 1710 2685 1783 thema

717 1832 1174 1908 uberrimum
1207 1833 1415 1933 quod
1449 1840 1797 1907 orationis
1824 1834 2181 1935 elegantia
2204 1848 2279 1908 et
2309 1838 2685 1935 praeceptis

719 1956 1194 2059 philosophiae
1235 1963 1567 2032 variaret.
1634 1957 1788 2031 Tali
1824 1972 2069 2031 autem
2103 1962 2481 2058 proposito
2520 1956 2683 2038 ido·

714 2104 896 2153 neus
911 2095 1065 2153 erat
1081 2078 1434 2179 dialogus»,
1451 2096 1523 2154 et
1540 2087 1693 2181 ipse
1704 2083 2118 2183 Xenophon
2135 2082 2282 2157 hoc
2298 2082 2683 2155 discrimen

675 2204 681 2209 ’
709 2208 902 2276 inter
930 2227 1046 2276 res
1061 2209 1338 2310 scenice
1369 2219 1444 2278 et
1475 2203 1907 2279 didascalice
1930 2205 2241 2306 agendas
2260 2205 2679 2297 declaravit,

713 2352 947 2425 quum
978 2328 1087 2429 ‘de
1133 2332 1237 2402 Re
1284 2334 1618 2427 Equestri
1636 2380 1659 2421 ,
1680 2327 1796 2407 ,de
1816 2334 1923 2403 Re
1939 2334 2281 2403 Venatica
2313 2328 2671 2403 disseruit.

708 2458 794 2528 In
822 2454 934 2528 his
971 2460 1164 2527 enim
1198 2454 1520 2553 colloqui
1556 2455 1820 2547 noluit,
1858 2470 1944 2528 ut
1976 2461 2108 2554 qui
2144 2460 2567 2556 praeciperet
2602 2467 2676 2527 et

710 2600 842 2676 per
883 2602 960 2651 se
1002 2583 1244 2677 ipsum
1289 2603 1696 2653 sermonem
1735 2577 2059 2653 haberet.
2115 2583 2201 2650 In
2274 2581 2692 2653 oeconomia·

708 2700 942 2775 voluit
961 2707 1326 2802 imprimis
1355 2702 1856 2803 philosophari
1877 2757 1898 2796 ,
1936 2720 2008 2777 et
2039 2707 2429 2777 rectissime
2452 2702 2679 2777 collo·

708 2829 970 2924 quium
1014 2826 1247 2925 elegit.
1298 2832 1406 2900 Ita
1437 2826 1638 2928 apud
1669 2854 1843 2901 eum
1875 2853 2043 2903 suas
2082 2827 2410 2904 habuere
2442 2841 2681 2929 partes

706 2949 922 3050 plane
943 2949 1312 3043 discretas,
1350 2964 1707 3052 praecepta
1728 2966 1805 3023 et
1832 2950 2191 3050 dialogus,
2227 2965 2300 3025 et
2328 2950 2497 3025 inde
2518 2964 2681 3023 orta

691 3086 874 3153 sunt
904 3077 979 3143 in
1013 3086 1332 3171 utroque
1361 3097 1622 3173 genere
1654 3073 1811 3147 haec
1843 3078 2099 3151 eximia
2131 3098 2375 3174 opera,
2410 3078 2487 3145 in
2518 3066 2682 3170 qui-

703 3194 848 3269 bus
879 3202 1179 3272 materia
1212 3212 1286 3270 et
1319 3202 1687 3273 sententiae
1716 3212 1867 3273 tam
1898 3193 2219 3299 perfecte
2254 3211 2675 3283 consonant.

782 3470 832 3506 x.
869 3453 1004 3506 Δοκεῖ
1042 3446 1099 3504 δέ
1129 3470 1234 3524 μοι,
1257 3453 1393 3525 {qt-m,
1419 3451 1502 3507 καὶ
1543 3456 1577 3513 ἡ
1614 3459 1707 3507 τῶν
1734 3459 1970 3527 μελισσῶν
1994 3454 2185 3527 ἡγεμὼν
2207 3460 2408 3509 τοιαῦτα
2446 3453 2565 3525 ἱργα
2587 3452 2681 3505 ὑπὸ

699 3544 781 3594 τοῦ
811 3544 911 3594 θεοῦ
939 3542 1327 3613 προστεταγμένα
1348 3538 1688 3598 διαπονεῖσθαι.
1720 3542 1819 3596 Καὶ
1845 3545 1962 3596 ποῖα
1984 3538 2033 3595 δ’
2063 3545 2152 3614 ἔφη
2176 3544 2341 3608 ἐκείνη,
2367 3544 2484 3621 ‘W‘
2506 3542 2681 3609 ἔχουσα

701 3630 734 3686 ἡ
757 3634 851 3680 τῶν
875 3630 1319 3701 μελισσῶνὴγεμὼν
1355 3630 1643 3701 ἐξομοιοῦται
1668 3632 1767 3691 τοῖς
1800 3632 1950 3703 ἔργοις
1972 3624 2037 3693 οἷς
2078 3632 2160 3703 ἐμὲ
2180 3626 2255 3695 δεῖ
2288 3631 2510 3703 πράττειν
2532 3649 2546 3692 ;
2569 3618 2679 3693 ὅτε,

702 3718 817 3789 ἔφην
839 3718 952 3790 ἐγὼ,
979 3718 1122 3775 ἐκείνη
1140 3738 1193 3770 τε
1219 3721 1264 3772 ἐν
1289 3724 1360 3791 τῷ
1387 3718 1551 3790 σμήνει
1576 3720 1781 3791 μένουσα
1799 3720 1881 3772 οὐκ
1905 3721 1961 3791 ἐᾷ
1984 3719 2157 3792 ἀργοὺς
2183 3718 2272 3780 τὰς
2294 3718 2521 3791 μελίσσας
2542 3710 2679 3780 εἶναι,

701 3804 807 3858 ἀλλ’
819 3808 876 3865 ἃς
892 3807 976 3877 μὲν
996 3801 1072 3857 δεῖ
1089 3805 1178 3869 ἔξω
1195 3806 1468 3879 ἐργάζεσθαι
1487 3808 1714 3879 ἐκπέμπει
1740 3806 1816 3861 ἐπὶ
1833 3808 1887 3860 τὸ
1912 3809 2064 3881 ἔργον,
2092 3808 2176 3861 καὶ
2198 3810 2231 3862 ἃ
2251 3810 2305 3863 ἄν
2329 3809 2483 3861 αὐτῶν
2506 3805 2681 3863 indm

697 3893 889 3966 εἰσφέρῃ
912 3886 1010 3948 οἶδέ
1034 3912 1087 3945 τε
1109 3892 1190 3948 καὶ
1210 3889 1405 3962 δέχεται
1420 3936 1437 3965 .,
1461 3894 1543 3950 καὶ
1570 3896 1705 3956 σώζει
1730 3902 1887 3949 ταῦτα
1904 3895 2003 3949 ἔστ’
2020 3897 2075 3950 ἂν
2105 3890 2192 3967 δίῂ
2219 3900 2445 3969 χρῆσθαι.

965 3972 968 3977 ’
1620 3987 1939 4051 (ΟΕι-οηοωη
1964 4002 2083 4053 caps
2099 3988 2241 4051 vn.)
