3059 5084
1489 528 1572 543 -
1612 496 1691 559 ω.
1730 528 1809 543 -.

673 636 772 717 Ut
804 636 996 701 enim
1031 632 1396 731 scriptoris
1436 636 1581 701 vita
1602 684 1620 720 ‚
1658 635 1759 701 sic
1809 628 1913 701 illi
1952 634 2193 729 potius
2225 626 2319 699 ad
2354 640 2633 727 praeter-

673 759 861 827 itum
891 769 1201 853 tempus,
1230 778 1453 851 quam
1478 751 1570 825 ad
1600 778 1929 853 praesens,
1967 766 2309 851 spectant.
2347 754 2636 821 Etiamsi

673 882 747 949 in
798 877 1041 947 limine
1085 880 1381 972 Augusti
1419 875 1659 947 saeculi
1715 874 1981 948 fuerint
2012 890 2139 947 aut
2170 876 2477 969 suscepti
2514 885 2634 943 aut

671 997 1008 1088 confecti,
1049 1014 1219 1071 sunt
1271 1013 1508 1071 tamen
1547 999 1777 1071 multo
1812 1004 2258 1097 antiquiores
2304 996 2637 1069 omnibus

675 1121 996 1219 ejusdem
1025 1122 1261 1195 soeculi
1303 1128 1601 1223 scriptis,
1632 1129 1713 1195 In
1747 1123 1861 1195 his
1888 1124 2181 1197 inchoat
2220 1120 2461 1195 adhuc
2495 1118 2639 1191 lati-

659 1252 813 1319 'nus
844 1272 1101 1335 serm0,
1139 1246 1484 1345 periodus
1530 1250 1803 1346 primos
1843 1252 2188 1319 circuitus
2221 1259 2471 1334 tentat,
2507 1268 2637 1314 no-

673 1396 925 1445 varum
958 1357 1470 1443 sententiarum
1502 1372 1707 1471 lepos
1740 1397 1908 1443 cum
1928 1360 2275 1443 sermonis
2303 1378 2641 1439 vetustate

674 1495 1013 1567 luctatur.
1053 1491 1252 1586 Quid
1287 1510 1526 1566 autem
1560 1494 1809 1565 utilius
1842 1518 2063 1592 quam
2100 1490 2642 1592 deprehendere

677 1620 865 1691 hanc
893 1617 1448 1692 adolescentiam
1469 1644 1783 1691 romanae
1811 1625 2157 1692 orationis
2180 1618 2420 1691 adhuc
2447 1616 2643 1688 rudis

675 1769 917 1842 neque
985 1743 1382 1815 admodum
1438 1743 1895 1841 inelegantiS,
1950 1743 2072 1815 hic
2122 1740 2439 1829 incultae‚
2501 1739 2645 1811 illic

676 1866 1095 1966 simpliciter
1133 1882 1428 1955 ornatae,
1465 1882 1551 1938 ut
1590 1890 1869 1938 summa
1911 1892 2164 1939 manus
2198 1874 2269 1939 in
2310 1893 2394 1940 ea
2436 1894 2643 1947 exco-

673 1990 890 2085 lenda
934 1989 1386 2087 temporibus
1438 1995 1691 2087 magis,
1729 2015 1951 2087 quam
1999 1995 2135 2089 ipsi
2187 1989 2495 2065 defuisse
2545 1996 2647 2061 vi-

677 2116 983 2189 deatur?
1012 2121 1266 2213 Itaque
1297 2121 1640 2187 Varronis
1664 2115 1833 2187 libri
1866 2122 2071 2213 quasi
2106 2116 2504 2188 confinium
2524 2116 2645 2189 ali-

681 2240 881 2338 quod
924 2239 1327 2313 habeantur
1373 2255 1689 2313 veterem
1736 2245 1919 2311 inter
1964 2240 2283 2339 linguam
2327 2246 2535 2313 Ennii
2578 2257 2649 2312 et

681 2371 994 2456 Catonis,
1021 2380 1092 2459 et
1113 2390 1382 2437 novum
1398 2364 1602 2435 illum
1614 2372 2649 2465 sermonem‚quem.praecipue

681 2493 932 2560 Cicero
967 2503 1039 2559 et
1073 2487 1412 2587 Virgilius
1445 2486 1973 2587 commendant.
2011 2487 2186 2559 Inde
2214 2482 2363 2561 non
2392 2471 2652 2561 solum-

685 2611 907 2685 modo
941 2611 1031 2684 ad
1082 2612 1591 2709 agriculturam
1633 2627 1704 2681 et
1738 2614 2247 2708 ‘antiquitatem
2280 2635 2650 2683 romanam

603 2782 608 2787 -
685 2740 1073 2837 pertinent,
1101 2735 1230 2807 sed
1253 2752 1321 2807 et
1341 2734 1432 2807 ad
1449 2735 1825 2807 historiam
1845 2735 2288 2829 litterarum,
2309 2735 2467 2807 etid
2486 2740 2651 2807 satis

678 2876 794 2934 est
824 2859 964 2932 illis
1004 2912 1027 2947 ‚
1089 2874 1173 2931 ut
1222 2884 1603 2957 nunquam
1656 2860 2124 2935 obsolescant.

783 2990 869 3057 At
889 3011 1020 3057 nos
1043 2991 1387 3083 quoniam
1410 2991 1859 3085 propositum
1880 2986 2295 3073 habuimus,
2316 2984 2655 3071 ordinem

687 3114 788 3183 eis
818 3114 1205 3208 assignare,
1255 3134 1345 3180 ne
1389 3109 1826 3181 collocemus
1857 3134 1981 3181 eos
2029 3115 2219 3181 inter
2264 3110 2504 3182 divina
2534 3110 2657 3183 illa

687 3233 1100 3323 Platonislet
1131 3237 1496 3305 Ciceronis
1530 3257 1785 3330 opera3
1820 3258 1912 3303 ne
1946 3208 2417 3309 conferantur·
2442 3239 2658 3305 etiam

688 3381 856 3428 cum
895 3356 1191 3426 historia
1225 3354 1647 3443 AristoteliS,
1698 3360 1827 3452 qui
1870 3354 1962 3426 de
2010 3355 2437 3427 animalibus
2478 3353 2658 3427 adeo

692 3482 1000 3578 graviter
1029 3492 1099 3547 et
1127 3501 1318 3575 pure.
1335 3474 1538 3549 dixit.
1568 3476 1898 3549 Habeant
1921 3475 2249 3569 ordinem
2278 3482 2486 3574 quasi
2508 3501 2659 3546 me-

694 3599 925 3691 dium,
953 3604 1142 3673 inter
1166 3604 1545 3698 primarios
1577 3614 1930 3690 auctoreS,
1960 3614 2030 3671 et
2053 3624 2177 3672 eos
2208 3625 2394 3698 quos
2418 3625 2665 3671 secun-

694 3728 910 3801 daria'
937 3724 1138 3798 sedes
1185 3724 1409 3796 decet.
1434 3729 1599 3797 Non
1645 3724 2043 3817 admodum
2088 3724 2387 3815 classici,
2426 3729 2667 3824 operis

693 3852 1176 3940 absolutione,
1213 3850 1482 3921 classici
1521 3864 1757 3921 tamen
1794 3854 2218 3946 antiquitate
2250 3853 2390 3919 :ita
2426 3854 2668 3946 vigent

696 3974 891 4076 apud
940 4001 1072 4047 nos
1125 3978 1468 4073 Amyotus
1517 3990 1589 4046 et
1634 3978 2083 4064 Montanius‚
2137 3979 2265 4071 qui
2315 3977 2549 4073 prima
2596 3987 2668 4045 et
