3059 5084
1549 517 1621 530 ...
1666 483 1747 552 35
1787 515 1869 531 ....

727 630 938 698 citur.
976 627 1136 694 Hoc
1177 618 1532 696 referatur
1574 621 1669 696 ad
1712 619 2217 722 Xenophontis
2246 634 2320 694 et
2349 623 2693 694 Varronis

723 747 974 822 libros.
1009 751 1118 818 De
1149 743 1781 820 Administratione
1811 749 2225 818 Domestica
2254 741 2373 816 vel
2396 742 2488 816 de
2514 767 2692 816 oeco·

722 876 972 944 nomia
992 869 1169 946 dixit
1185 869 1484 968 quidem
1499 868 1935 970 Xenophon.
1958 874 2121 942 Hoec
2136 891 2313 943 vero
2334 865 2693 942 scribendi

725 1001 1022 1072 materia
1073 1021 1226 1072 non
1265 1009 1372 1068 est
1415 992 1603 1070 adeo
1657 1019 1806 1068 una
1858 1009 1933 1068 et
1972 1016 2213 1067 severa
2234 1045 2257 1084 ,
2314 1007 2401 1065 ut
2444 998 2521 1066 in
2562 991 2685 1066 illa

722 1118 977 1194 ludere
1029 1143 1182 1191 non
1230 1123 1458 1217 possit
1506 1106 1861 1218 d'ialoguS.
1916 1121 2058 1192 Res
2098 1130 2206 1191 est
2252 1120 2499 1216 potius
2538 1140 2695 1188 om·

723 1250 898 1318 nino
921 1241 1106 1335 fusa,
1133 1241 1410 1318 diversa
1435 1257 1509 1316 et
1538 1241 1803 1334 mollis,
1838 1255 1913 1316 et
1940 1265 2409 1340 nequaquam
2429 1239 2693 1313 discre-

723 1392 902 1468 pans
941 1367 1036 1441 ab
1069 1366 1192 1444 illa
1220 1382 1589 1442 venustate
1620 1370 1967 1442 orationis
2018 1396 2053 1434 α
2087 1389 2311 1464 quam
2338 1363 2699 1438 finxerunt

723 1498 964 1592 gratiae
990 1502 1044 1568 ¹.
1101 1522 1138 1560 n
1169 1490 1354 1570 Vide
1385 1496 1579 1570 enim
1625 1506 1711 1564 ut
1741 1495 2103 1592 parnassia
2142 1489 2293 1562 huc
2338 1488 2515 1562 illuc
2542 1492 2697 1588 apis

721 1616 1002 1708 volitet,
1022 1642 1218 1692 nunc
1237 1615 1491 1692 sedens
1527 1642 1747 1717 super
1773 1615 2109 1708 floribus,
2144 1641 2335 1714 quos
2363 1613 2695 1686 homines

723 1739 818 1814 ad
847 1763 1006 1814 aras
1037 1755 1111 1816 et
1151 1739 1246 1817 ad
1293 1740 1675 1816 simulacra
1704 1739 2015 1816 deorum
2034 1792 2057 1831 ‚
2090 1756 2315 1838 atque
2348 1743 2569 1812 etiam
2602 1736 2695 1811 ad

721 1889 802 1936 se
841 1869 1038 1963 ipsos
1071 1864 1436 1940 ornandos
1475 1863 1833 1940 adhibent
1856 1875 1933 1958 ²3
1962 1888 2159 1938 nunc
2193 1868 2383 1938 circa
2410 1862 2654 1938 villam
2668 1917 2691 1954 ,

723 2001 854 2059 aut
882 1992 1074 2059 circa
1101 1990 1411 2059 viretum
1445 1985 1652 2084 quod
1670 2011 1823 2059 non
1848 2001 1997 2062 tam
2020 1988 2285 2060 rustice
2299 2009 2527 2083 quam
2546 2009 2697 2060 αω-

713 2108 998 2191 demice
1019 2107 1434 2184 frondescit.
1449 2116 1775 2183 Socrates
1787 2125 1863 2183 et
1874 2113 2100 2211 ipsius
2114 2107 2521 2202 familiares,
2543 2113 2695 2182 Cri-

723 2233 1022 2308 tobulus
1079 2249 1153 2307 et
1198 2234 1621 2310 Isomachus
1674 2261 2091 2308 sermonum
2142 2234 2235 2309 de
2284 2241 2695 2310 oeconomia

724 2373 964 2457 partes
992 2358 1404 2434 defendunt.
1453 2360 1631 2435 Inde
1660 2387 1813 2447 non
1854 2375 1962 2435 est
1991 2359 2479 2434 dubitandum
2512 2367 2693 2460 quin

720 2480 1308 2583 philosophicum
1337 2483 1455 2557 vel
1503 2489 1720 2558 etiam
1769 2490 2137 2586 poeticum
2184 2489 2429 2585 potius
2468 2509 2691 2583 quam

721 2603 1228 2680 didascalicum
1258 2608 1761 2708 Xenophontis
1786 2615 2244 2710 propositum
2270 2607 2514 2682 fuerit.

817 2727 1070 2804 Obiter
1094 2735 1422 2809 tractavit
1449 2731 1967 2832 agriculturam
1990 2733 2431 2834 Xenophon,
2463 2746 2691 2811 mate-

720 2857 843 2929 riae
871 2853 1222 2933 variandae
1265 2879 1518 2950 causa3
1550 2855 2171 2956 quemadmodum
2228 2856 2426 2957 apud
2486 2859 2692 2930 Cice-

718 3004 970 3054 ronem
1022 2985 1202 3056 Cato
1261 2981 1351 3059 de
1408 2997 1773 3058 senectute
1838 2982 2083 3058 dicens
2134 2981 2231 3061 ad
2280 2981 2693 3084 voluptates

717 3103 1200 3204 agricolarum
1252 3104 1569 3182 declinat
1597 3101 1650 3178 3.
1712 3110 1897 3201 Quis
1956 3121 2200 3184 autem
2266 3129 2691 3205 comparare

795 3307 842 3344 ι.
876 3291 1078 3357 Quint„
1110 3295 1236 3346 lust.
1265 3294 1340 3361 X,
1374 3311 1418 3344 ι.
2400 3301 2409 3312 ’

787 3394 839 3430 a·
876 3383 1068 3450 Πρῶτον
1103 3379 1188 3449 μὲν
1208 3376 1302 3452 γὰρ
1328 3377 1416 3451 ἀφ’
1437 3372 1500 3433 ὗν
1519 3379 1660 3442 ζῶσιν
1682 3379 1725 3436 οἱ
1748 3381 2003 3452 ἅνθρωποι,
2029 3387 2189 3441 ταῦτα.
2205 3382 2241 3442 ἣ
2259 3385 2327 3454 γῆ
2348 3380 2477 3452 qipa
2498 3379 2690 3454 ἕθγαζο·

713 3465 884 3538 pivone,
916 3465 999 3521 καὶ
1020 3460 1170 3540 ἀφ’ὧν
1210 3468 1359 3522 τοίνυν
1394 3463 1689 3527 sidua-Met
1708 3511 1729 3540 ‚
1750 3471 2110 3544 προσιπιφέριι.
2150 3463 2335 3524 Eum-a
2372 3465 2429 3523 δὲ
2464 3470 2557 3523 ὅσα.
2580 3488 2689 3522 κοσ-

713 3560 852 3626 μοῦσι
883 3554 1070 3626 βωμοὺς
1105 3555 1185 3609 καὶ
1215 3556 1477 3629 ἀγάλματα,
1490 3596 1506 3622 ,
1542 3557 1624 3612 καὶ
1650 3547 1715 3620 οἷς
1742 3558 1876 3613 αὐτοὶ
1902 3566 2183 3632 κοσμοῦνται
2201 3597 2217 3623 ,
2253 3557 2337 3612 καὶ
2373 3563 2531 3611 ταῦτα.
2563 3556 2689 3630 μετὰ

711 3637 920 3702 ἡδίστων
954 3645 1108 3715 ὀσμῶν
1135 3643 1216 3698 καὶ
1237 3645 1487 3716 θεαμάτων
1513 3647 1735 3720 παρέχη·
1763 3649 1933 3702 ἔπειτα.
1950 3644 2009 3702 δὶ
2046 3646 2145 3717 ὄψα.
2174 3645 2334 3701 πολλὰ
2351 3645 2419 3700 τὰ
2440 3647 2526 3718 μὲν
2552 3647 2691 3717 φύει,

710 3729 776 3784 τὰ
806 3726 862 3785 δὲ
888 3734 1065 3804 τρέφει·
1092 3733 1174 3788 καὶ
1211 3732 1306 3808 γὰρ
1341 3739 1376 3796 ἡ
1406 3733 1757 3810 moenum).
1777 3737 1917 3804 τέχνη
1941 3741 2175 3794 συνῆπται
2200 3740 2263 3807 τῇ
2294 3734 2508 3810 γεωργίᾳ
2522 3775 2540 3806 ,
2562 3733 2689 3788 ὕστα

711 3827 829 3895 ἔχειν
855 3828 937 3884 καὶ
961 3831 1078 3894 θεοῖς
1105 3833 1426 3908 ἰξαρέσκισθαι
1447 3837 1660 3906 θύοντας,
1687 3832 1769 3889 καὶ
1793 3833 1961 3895 αὐτοὺς
1980 3835 2196 3905 χρῆσθαι.

1737 3918 1998 3989 (Xenoph.
2026 3921 2320 3978 OEconom„
2344 3917 2438 3984 V.)

782 4017 833 4069 3.
877 4021 948 4068 De
978 4021 1194 4080 Senece„
1233 4022 1333 4071 XV
1356 4028 1407 4072 et
1431 4023 1581 4075 xvl.
