3059 5084
1515 509 1599 526 ...
1632 479 1678 542 2
1713 508 1796 525 ..-

679 615 901 684 simus
932 609 1446 708 undecumque
1461 663 1482 701 ,
1529 615 1663 709 qui
1704 625 1851 682 tam
1884 605 2111 682 multa
2139 606 2314 708 legit
2328 661 2348 700 ‚
2392 623 2479 682 ut
2512 607 2643 681 ali·

683 733 865 832 quid
882 739 948 807 ei
965 733 1277 808 scribere
1307 757 1588 806 vacasse
1613 737 1993 823 miremur;
2012 747 2156 806 tam
2180 732 2408 806 multa
2430 738 2647 831 scrip-

683 859 774 930 sit
787 908 808 947 ‚
853 880 1074 954 quam
1122 854 1354 929 multa
1393 859 1509 928 vix
1556 879 2004 954 quemquam
2040 853 2277 955 legere
2321 859 2643 955 potuisse

683 979 1061 1054 credamus
1079 989 1130 1052 ¹.
1157 1011 1193 1048 n

777 1103 918 1174 Tot
947 1097 1304 1201 suffragiis
1329 1098 1523 1202 apud
1540 1115 1817 1174 veteres
1848 1116 2287 1194 consecrata,
2317 1100 2644 1175 doctrina

683 1229 1028 1300 ‘Varronis
1058 1250 1294 1323 usque
1321 1228 1398 1296 in
1425 1236 1709 1298 aetatem
1742 1241 2062 1298 nostram
2080 1253 2228 1300 non
2251 1225 2648 1300 admodum

685 1353 964 1449 integra
994 1353 1237 1421 evasit.
1275 1351 1405 1421 Vir
1433 1347 1731 1446 quidem
1764 1348 2317 1442 eruditissimu8‚
2361 1375 2643 1441 verum,

686 1490 772 1548 ut
797 1479 1171 1548 Germanis
1190 1498 1349 1546 mos
1374 1488 1505 1564 est,
1531 1473 1627 1548 ad
1642 1473 2191 1571 conjectandum
2216 1480 2649 1576 imperterri-

685 1615 828 1692 tuS,
863 1598 1194 1674 Niehbur
1227 1598 1637 1688 historicuS,
1674 1605 1749 1671 in
1776 1605 2133 1700 prooemio
2156 1606 2489 1673 Historiae
2510 1605 2650 1672 Ro-

687 1747 942 1813 manae,
983 1720 1318 1795 adfirmat
1351 1728 1613 1796 omissa
1628 1727 1973 1796 Varronis
2002 1728 2267 1824 scripta
2288 1749 2436 1797 non
2466 1721 2649 1795 adeo

688 1870 839 1918 esse
896 1843 1406 1920 desideranda:
1469 1870 1731 1946 nempe
1788 1871 2188 1919 sermonem
2254 1863 2645 1937 etruscum,

686 1969 804 2044 vel
837 1975 1052 2042 etiam
1089 1994 1366 2058 oscum,
1419 1960 1780 2041 nesciebat
1799 1975 2033 2044 Varro
2056 1981 2107 2043 ².
2144 1970 2527 2069 Quidquid
2560 1977 2653 2042 sit

684 2089 775 2166 de
825 2091 948 2164 tali
991 2089 1472 2191 disputatione
1497 2144 1518 2182 ‚
1551 2106 1623 2164 et
1648 2099 1980 2191 quamvis
2032 2109 2164 2168 aut
2210 2119 2473 2195 parum
2522 2107 2649 2166 aut

685 2211 866 2288 nihil
884 2217 1179 2286 omnino
1214 2219 1359 2286 osci
1385 2212 1602 2286 fuisse
1622 2213 1820 2315 apud
1842 2222 2235 2291 Varronem
2257 2222 2443 2290 inter
2466 2221 2649 2290 Ger·

691 2360 941 2408 manos
980 2352 1254 2412 constet
1273 2393 1294 2432 ‚
1339 2353 1581 2414 tamen
1626 2340 1719 2412 de
1762 2339 2011 2439 aliquo
2064 2338 2382 2437 ejusdem
2430 2362 2651 2438 opere

691 2457 967 2557 aliquid
999 2458 1239 2534 dicere
1272 2476 1653 2536 tentemus.
2143 2459 2151 2466 ⁶

783 2583 962 2653 Tam
1004 2581 1234 2655 multa
1270 2583 1578 2658 confecit
1623 2610 1843 2685 opera
1873 2590 2107 2660 Varro
2136 2598 2222 2656 ut
2252 2589 2407 2684 ipse
2444 2582 2535 2655 de
2578 2607 2654 2655 se

694 2701 935 2778 dicere
968 2713 1330 2806 potuerit:
1389 2739 1426 2776 α
1463 2715 1553 2784 Se
1574 2711 1725 2809 Jam
1762 2709 2270 2786 duodecimam
2298 2735 2655 2784 annorum

695 2827 1229 2904 hebdomadam
1282 2837 1680 2932 ingressum
1736 2861 1883 2910 esse
1904 2889 1925 2928 ‚
1981 2851 2055 2910 et
2102 2834 2193 2909 ad
2246 2848 2434 2908 eum·
2464 2832 2658 2907 diem

697 2955 1145 3052 septuaginta
1177 2953 1671 3032 hebdomadas
1705 2958 2091 3051 librorum,
2126 2960 2272 3032 hoc
2300 2973 2407 3032 est
2432 2956 2661 3030 libros

699 3080 846 3176 490
899 3083 1394 3178 conscripsisse
1419 3075 1478 3156 3.
1525 3111 1563 3150 a
1628 3087 1814 3158 Cum
1862 3090 2187 3158 Varrone
2236 3083 2660 3180 colloquens

700 3203 952 3274 Cicero
979 3228 998 3273 :
1022 3230 1059 3267 α
1085 3205 1194 3274 Tu
1221 3218 1502 3277 aetatem
1540 3213 1815 3307 patriae,
1851 3223 1932 3280 tu
1952 3205 2465 3308 descriptiones
2487 3220 2661 3279 tem-

701 3348 993 3425 porum,
1025 3339 1108 3398 tu
1139 3345 1508 3402 sacrorum
1540 3331 1732 3428 jura,
1774 3347 1856 3406 tu
1896 3332 2381 3422 sacerdotum,
2418 3345 2497 3402 tu
2532 3328 2663 3401 do·

704 3452 1103 3541 mesticam‚
1142 3464 1223 3522 tu
1255 3449 1590 3528 bellicam
1617 3454 2103 3557 disciplinam3
2138 3472 2221 3529 tu
2264 3453 2508 3528 sedem
2546 3479 2661 3527 re·

707 3577 1036 3671 gionum,
1080 3570 1445 3668 locorum3
1493 3591 1577 3651 tu
1606 3586 1937 3656 omnium
1966 3579 2370 3654 divinarum
2400 3578 2661 3652 huma-

778 3835 827 3874 ι.
863 3819 1094 3876 nenivit.
1111 3822 1232 3890 nei,
1255 3827 1354 3892 vt,
1377 3841 1430 3880 a.

774 3923 826 3960 a.
863 3907 981 3962 Vid.
1011 3926 1141 3966 vers.
1183 3913 1315 3980 gall„
1344 3916 1444 3968 vol.
1478 3920 1524 3980 1,
1551 3933 1605 3988 p.
1640 3921 1721 3971 ιδ.

657 4061 664 4072 .
781 3997 830 4046 3.
865 3998 1114 4070 aalma,
1145 4017 1229 4057 xo.
