3059 5084
1317 508 1596 569 ...7-

473 648 548 705 et
597 634 912 707 aliorum
953 640 1086 733 qui
1132 634 1224 707 de
1255 639 1358 709 Re
1406 640 1698 709 Rustica
1730 642 2119 737 scripsere3
2161 642 2437 737 proprii

473 756 812 856 deinceps
876 762 1114 857 operis
1176 763 1571 858 praecipuas
1632 758 2021 832 divisiones
2078 765 2381 833 instituit
2416 786 2433 830 ε

471 880 544 950 in
595 884 840 978 primo
885 879 1075 951 libro
1125 886 1350 979 ipsam
1397 881 1911 979 agriculturam
1942 936 1961 973 ,
2003 889 2079 955 in
2116 882 2436 956 secundo

473 1026 625 1073 rem
659 1007 1066 1101 pecuariam
1088 1055 1108 1094 ‚
1142 1008 1214 1075 in
1249 1009 1463 1077 tertio
1503 1003 1851 1077 villaticas
1890 1009 2249 1105 pastiones
2279 1030 2435 1078 am-

470 1123 838 1224 plexurus.

565 1253 749 1322 Hinc
793 1263 1036 1322 autem
1075 1255 1326 1351 incipit
1365 1256 1694 1325 connecti
1740 1250 2069 1350 dialogus
2092 1303 2113 1343 ,
2175 1266 2249 1324 et
2284 1251 2435 1347 jam

473 1396 667 1445 nunc
689 1372 1336 1447 animadvertamus
1356 1374 1544 1448 hanc
1571 1374 1838 1474 dialogi
1865 1375 2198 1465 formam,
2214 1400 2435 1472 quam

474 1491 568 1566 ad
591 1493 818 1567 libros
847 1493 938 1567 de
963 1502 1070 1569 Re
1087 1502 1376 1571 Rustica
1402 1502 1638 1570 Varro
1667 1496 2021 1571 adhibuit.
2050 1502 2211 1569 Haec
2243 1502 2437 1571 enim

469 1632 576 1689 est
599 1616 824 1715 hujus
852 1633 1112 1691 nostrae
1141 1618 1655 1693 dissertationis
1672 1644 1952 1693 summa
1975 1648 1997 1713 ;
2024 1620 2199 1693 huic
2215 1624 2438 1722 potis-

468 1747 732 1815 simum
766 1747 1112 1817 instemus
1143 1760 1454 1844 oportet.

565 1873 720 1967 Ipse
762 1875 948 1941 inter
989 1870 1469 1959 collocutores
1516 1875 1751 1943 Varro
1813 1869 1985 1942 dicit
2032 1874 2439 1943 sementivis

467 1989 661 2063 feriis
685 2002 742 2082 ¹,
773 2018 848 2065 se
880 1996 955 2063 in
991 1991 1218 2065 aedem
1254 1992 1531 2066 telluris
1571 1998 1843 2065 venisse
1881 1991 1977 2065 ab
2010 1990 2277 2064 aedituo
2314 2017 2435 2063 ro-

465 2129 734 2212 gatum.
771 2112 1096 2187 offendit
1127 2116 1230 2187 ibi
1262 2120 1342 2189 C.
1374 2116 1825 2189 Fundanium
1852 2120 2075 2215 ipsius
2106 2140 2437 2189 socerum

467 2253 540 2311 et
573 2242 650 2311 C.
681 2242 979 2337 Agrium
1010 2245 1324 2337 equitem
1361 2246 1450 2322 R.
1484 2244 1967 2332 Socraticum,
2006 2255 2078 2313 et
2106 2246 2181 2313 P.
2214 2244 2433 2338 Agra-

471 2366 657 2433 sium
702 2360 1202 2461 publicanum,
1227 2460 1231 2464 Ι
1252 2362 1523 2461 quibus
1563 2369 1776 2435 variae
1814 2361 2161 2460 colloquii
2195 2376 2435 2461 partes

469 2483 754 2555 tuendae
784 2500 1015 2557 erunt.
1050 2490 1242 2557 Dum
1272 2486 1352 2557 hi
1384 2501 1530 2558 tres
1560 2485 2037 2559 collocutores
2070 2489 2333 2584 pictam
2354 2492 2432 2560 in

467 2614 736 2707 pariete
769 2610 1041 2683 Italiam
1075 2616 1289 2685 otiosi
1321 2625 1684 2712 spectant,
1722 2609 1889 2682 inde
1920 2634 2156 2683 sermo
2186 2609 2435 2683 incidit

467 2730 558 2804 de
583 2731 942 2807 fertilitate
976 2750 1049 2807 et
1074 2734 1361 2809 cultura
1393 2735 1641 2827 Italiae,
1680 2751 1751 2807 et
1783 2732 2133 2834 gradatim
2180 2738 2252 2805 in
2287 2733 2432 2806 dis·
2491 2779 2498 2786 -

472 2860 929 2929 sertationem
1000 2856 1092 2928 de
1139 2863 1242 2931 Re
1285 2862 1577 2931 Rustica
1626 2858 2077 2957 colloquium
2131 2856 2426 2932 labitur.

467 2983 626 3051 Jam
656 3005 833 3052 vero
862 2986 934 3052 in
970 2980 1114 3053 hoc
1144 2980 1461 3054 secundo
1489 2987 1723 3081 capite
1756 2979 2087 3079 quaedam
2114 2980 2436 3053 notanda

469 3119 636 3176 sunt
656 3155 678 3196 ‚
719 3129 850 3202 per
882 3129 1046 3201 quae
1078 3103 1170 3177 de
1204 3110 1550 3179 Varronis
1582 3110 1907 3178 oratione
1938 3103 2212 3201 aliquid
2252 3129 2432 3204 proe·

469 3230 733 3301 sentire
770 3226 956 3299 licet.
1017 3258 1054 3293 α
1091 3231 1252 3301 Non
1301 3228 1689 3302 arboribus
1732 3232 2004 3301 consita
2048 3226 2246 3303 Italia
2294 3243 2429 3320 est,

470 3364 556 3421 ut
580 3364 734 3423 tota
763 3356 1180 3449 pomarium
1205 3351 1587 3425 videatur?
1616 3380 1650 3417 >³
1684 3356 1784 3424 ait
1813 3376 2005 3423 unus
2036 3377 2077 3423 e
2111 3349 2431 3424 collocu-

471 3474 775 3549 toribUS.
822 3481 1180 3549 Poeticam
1213 3476 1400 3551 hanc
1431 3480 1880 3565 sententiam,
1925 3475 2143 3571 hujus
2179 3499 2429 3575 poma·

472 3603 558 3669 rii
572 3597 1098 3695 jucunditatem
1131 3604 1204 3671 in
1234 3604 1523 3673 Catonis
1553 3597 1642 3670 de
1663 3604 1766 3675 Re
1792 3602 2077 3674 Rustica
2104 3597 2307 3673 libris
2331 3604 2432 3673 in-

472 3745 750 3795 cassum
778 3726 1206 3819 quaesiveris.

549 3960 596 3992 1.
636 3939 714 3993 Ad
752 3940 842 3992 has
879 3940 1022 3993 ferias
1064 3940 1165 3991 vid.
1206 3945 1248 3991 1.
1290 3944 1425 3995 Gott.
1463 3939 1745 3997 Schneideri
1784 3942 2053 3994 Commeat.
2096 3939 2151 4011 in⁴
2179 3942 2326 3992 Varr.
2373 3898 2436 3991 de

471 4036 535 4086 Β.
565 4036 629 4084 R.
654 4031 736 4084 lib.
765 4030 957 4101 Lipsiae,
999 4038 1147 4096 1794.
1171 4030 1324 4081 in·8⁰.
