3059 5084
1196 580 1278 596 -
1318 548 1396 611 19
1435 581 1516 596 .-

372 677 449 745 in
482 677 742 746 eximio
774 698 1018 775 opere,
1065 681 1142 748 in
1175 702 1328 775 quo
1361 681 1707 751 Varronis
1740 704 2033 751 omnem
2066 678 2335 754 doctri·

375 820 542 869 nam
576 804 924 897 exposuit,
959 798 1141 872 illud
1175 816 1393 901 caput
1424 800 1516 873 de
1541 801 1863 874 moribus
1880 826 2102 901 apum
2124 808 2336 877 tantis

376 918 584 992 effert
607 920 946 994 laudibus
976 938 1060 995 ut
1085 948 1254 996 cum
1285 940 1550 1022 quarto
1582 929 2108 1025 Georgicorum
2142 926 2337 1000 libro

377 1042 560 1115 illud
609 1042 934 1117 conferre
983 1068 1130 1119 non
1177 1046 1530 1120 dubitet¹.
1585 1049 2109 1149 Amplissimam
2154 1064 2344 1123 certe

377 1164 669 1238 laudem
726 1182 799 1240 et
845 1173 1139 1241 nimiam
1210 1168 1506 1242 fortasse
1531 1224 1551 1261 ,
1605 1170 1697 1243 de
1745 1156 1893 1269 qua
1949 1186 2189 1257 tamen
2244 1170 2347 1243 nil

380 1293 809 1363 imminuere
840 1291 1144 1364 velimus
1167 1346 1188 1384 ‚
1245 1298 1304 1364 si
1341 1317 1702 1391 nusquam
1744 1299 1979 1393 impar
2028 1294 2205 1367 locis
2253 1294 2345 1367 de

382 1412 770 1486 ornithone
821 1430 892 1487 et
941 1414 1201 1515 apibus
1232 1421 1466 1489 oratio
1500 1420 1844 1488 Varronis
1879 1415 2145 1490 fuisset.

476 1536 694 1610 Liber
727 1538 817 1645 de
844 1538 1173 1613 villaticis
1208 1540 1658 1640 pastionibus
1698 1542 1887 1614 hanc
1918 1557 2151 1614 servat
2192 1540 2346 1614 dia-

381 1660 530 1761 logi
543 1660 876 1749 formam‚
893 1686 1118 1759 quam
1130 1668 1205 1734 in
1233 1661 1733 1764 superioribus
1756 1661 1961 1737 libris
1980 1665 2129 1761 jam
2151 1690 2353 1737 usur-

383 1800 625 1885 patam
648 1785 978 1857 vidimuS.
1017 1790 1165 1859 Nec
1208 1802 1314 1859 est
1348 1812 1633 1859 necesse
1664 1785 1931 1858 referre
1972 1792 2215 1859 omnia
2247 1785 2351 1859 fa·

383 1922 539 1981 cete
604 1907 792 1981 dicta
831 1915 1017 1982 inter
1067 1924 1344 1981 actores
1389 1908 1479 1982 de
1511 1908 1815 1981 Pavone
1832 1965 1853 2003 ‚
1899 1909 2181 1981 Merula
2222 1922 2352 1982 aut

382 2030 718 2120 Passer-e,
745 2037 1020 2131 quippe
1050 2032 1230 2104 nihil
1257 2037 1447 2104 inter
1472 2057 1558 2104 ea
1577 2031 1820 2103 differt
1849 2046 1923 2103 et
1947 2032 2154 2129 jocos
2176 2036 2351 2103 istos

384 2180 572 2253 quos
608 2157 760 2253 jam
792 2154 1041 2228 Scrofa
1082 2170 1206 2229 aut
1245 2161 1551 2228 Vaccius
1591 2154 1915 2255 protulit.
1964 2160 2353 2253 Postquam

384 2277 476 2349 de
501 2279 756 2350 avibus
784 2293 857 2350 et
883 2277 1200 2377 piscibus
1232 2277 1631 2350 dissertatio
1664 2276 1884 2349 finem
1914 2282 2132 2378 cepit,
2163 2282 2354 2355 tertii

387 2398 554 2471 libri
572 2455 591 2492 ,
643 2426 780 2501 pro
829 2406 1176 2474 Varronis
1214 2406 1490 2475 scenica
1537 2406 1814 2473 ratione
1834 2454 1853 2491 ,
1900 2401 2349 2473 curriculum

387 2524 629 2597 subito
661 2524 1026 2598 clauditur
1057 2549 1247 2596 novo
1270 2522 1594 2621 quodam
1619 2546 1789 2595 casu
1813 2546 1943 2594 nec
1974 2527 2212 2595 minus
2246 2516 2383 2595 in-⁸

382 2661 785 2747 exspectato
801 2700 822 2738 ‚
854 2671 1077 2745 quam
1119 2651 1250 2718 ista
1283 2649 1591 2745 irruptio
1626 2643 2133 2717 libertinorum
2161 2670 2351 2745 quos

376 2768 527 2865 jam
557 2775 914 2841 novimus.
1243 2866 1247 2870 Ι

476 2894 566 2963 Et
599 2890 699 2964 ibi
724 2917 917 2963 unus
946 2917 1030 2964 ex
1061 2888 1428 2964 actoribus
1455 2894 1673 2963 Axius
1699 2891 2175 2990 colloquitur,
2206 2896 2352 2990 pis-

380 3020 615 3087 cinam
652 3020 865 3087 struit
900 3018 975 3086 in
1011 3038 1263 3112 quam,
1298 3010 1766 3111 refrigerandi
1793 3038 2036 3107 causa,
2070 3016 2347 3113 Neptu-

382 3163 560 3210 num
591 3142 937 3210 BaIanum
960 3136 1267 3227 induxit,
1305 3161 1539 3233 quum
1558 3140 1622 3208 ei
1643 3141 1877 3210 Varro
1904 3152 1976 3209 et
2002 3141 2348 3237 piscinam

381 3274 453 3333 et
469 3285 723 3333 vocem
756 3260 880 3334 tali
913 3264 1257 3333 sententia
1276 3273 1573 3358 repente
1602 3259 2061 3332 intercludit:
2103 3291 2137 3327 α
2161 3264 2349 3333 Stre·

457 3528 478 3560 x
493 3546 508 3564 .
545 3534 573 3555 ι
597 3510 639 3562 ΙΙ
675 3519 750 3561 est
785 3508 1018 3562 &tonnam
1051 3506 1205 3577 qu'un
1239 3508 1369 3563 aussi
1410 3508 1512 3559 bon
1557 3507 1872 3561 obeat-vetetur
1908 3526 2007 3577 que
2046 3508 2242 3561 Van-on
2282 3509 2352 3561 nit

383 3597 560 3665 adepte
585 3600 654 3649 les
678 3598 830 3649 fables
852 3598 938 3665 qui
961 3597 1150 3649 avaient
1177 3598 1318 3648 cours
1353 3596 1416 3647 de
1452 3612 1539 3647 son
1570 3608 1727 3663 temps
1754 3614 1837 3647 sur
1876 3599 1923 3649 la
1952 3597 2232 3664 genet-atina
2264 3597 2352 3654 deu

385 3687 589 3739 oiseaux
611 3685 696 3737 des
721 3704 894 3749 muse-5,
917 3703 1000 3737 car
1030 3684 1148 3737 c'est
1169 3684 1288 3737 ainsi
1320 3682 1440 3751 qu’il
1469 3700 1665 3736 nomme
1691 3685 1761 3735 les
1782 3686 1977 3736 abeilles
1998 3702 2012 3737 ε
2036 3688 2247 3753 j’engage
2281 3686 2353 3737 1oe

383 3784 624 3826 amateurs
659 3774 721 3825 de
742 3775 790 3825 la
817 3764 989 3841 langue
1008 3774 1158 3824 latine
1180 3774 1209 3824 ὲ
1230 3774 1322 3824 lire
1341 3774 1459 3823 dans
1483 3770 1716 3838 l’original
1736 3773 1783 3823 le
1804 3772 2022 3839 chapitre
2047 3782 2154 3823 tout
2174 3772 2353 3834 entier,

382 3865 468 3930 qui
501 3874 572 3915 est
607 3863 726 3915 ecrit
761 3879 852 3931 par
880 3879 949 3913 un
989 3862 1206 3913 vieillard
1245 3861 1552 3928 octogkmire
1586 3876 1703 3911 avec
1740 3860 1995 3929 beamoup
2036 3861 2099 3911 de
2134 3860 2274 3927 grace
2308 3867 2358 3911 et

383 3950 659 4018 d'elegance
679 3988 696 4015 ,
717 3959 812 4002 etc.
837 3973 864 3995 a·
901 3950 1137 4019 (Dureau
1159 3948 1220 4000 de
1251 3952 1320 4000 La
1359 3949 1536 4016 Malle,
1562 3947 1829 3999 Econome'e
1855 3948 2101 4020 politc‘que
2135 3945 2223 3997 des
2258 3951 2357 3999 110-

384 4037 568 4102 maa‘ns,
587 4045 630 4089 t.
653 4041 726 4100 11,
747 4053 803 4107 p.
825 4037 972 4104 208.)
