3059 5084
1539 533 1618 548 ...
1660 501 1739 566 11..
1777 534 1857 548 .-

711 629 968 728 fertur‚
1001 628 1093 703 de
1123 655 1202 703 re
1234 635 1386 731 ipsa
1423 638 1758 732 pecuaria
1790 657 2191 707 sermonem
2229 632 2503 707 habere
2544 660 2692 707 ve-

713 747 866 828 li'nt.
909 761 1214 858 Enarrat
1245 760 1487 855 igitur,
1513 773 1595 830 ut
1628 784 1667 830 e
1714 764 1977 832 rustica
2014 774 2140 832 aut
2184 759 2487 832 silvestri
2530 766 2698 833 vita

713 879 806 953 ad
849 879 1274 978 pastoralem
1309 879 1663 980 gradatim
1691 880 2025 956 homines
2054 881 2493 956 devenerint.
2547 889 2698 956 Hic

713 1003 1054 1078 doctrinae
1091 1011 1374 1105 copiam
1405 1004 1742 1105 expandit
1790 1013 2245 1104 antiquariae,
2294 1007 2689 1100 historicae,

713 1127 823 1199 vel
867 1133 1083 1201 etiam
1131 1129 1625 1228 etymologicae
1647 1183 1667 1221 ,
1704 1144 1775 1201 et
1820 1129 2038 1226 hujus
2076 1156 2237 1234 non.
2271 1135 2375 1204 ita
2408 1156 2693 1231 oppor-

715 1268 941 1342 tunae,
979 1268 1222 1326 nostra
1247 1258 1622 1343 sententia,
1652 1267 1736 1324 ut
1769 1252 2103 1351 pluribus
2134 1259 2209 1326 in
2242 1253 2445 1345 lociS,
2464 1269 2535 1327 et
2557 1253 2693 1327 hic

715 1379 1079 1474 praecipue
1106 1374 1823 1450 animadvertendum
1844 1391 1971 1448 est.
2008 1381 2287 1448 Etenim
2305 1381 2552 1449 ovium
2568 1401 2695 1474 ge-

711 1497 1115 1598 nealogiam
1161 1504 1517 1571 instruens
1537 1555 1557 1592 ,
1611 1515 1926 1573 veterem
1972 1505 2395 1573 Latinorum
2426 1525 2688 1574 vocem

715 1619 888 1693 bela
917 1621 1010 1694 ad
1044 1631 1212 1720 μῆλα
1243 1621 1488 1716 refert,
1529 1629 1837 1723 primam
1867 1639 2153 1697 tantum
2187 1623 2535 1696 mutando
2565 1623 2688 1696 lit·

715 1759 968 1838 teram,
1030 1777 1066 1814 α
1099 1772 1246 1819 non
1285 1751 1476 1820 enim
1525 1773 1641 1818 me
1684 1746 1808 1819 sed
1866 1746 1996 1819 bee
2040 1769 2297 1819 sonare
2346 1745 2685 1819 videntur

713 1881 957 1944 oves¹.
994 1901 1030 1939 n
1070 1875 1407 1944 Fatemur
1437 1871 1583 1942 hoc
1614 1869 2037 1943 eruditionis
2068 1854 2432 1970 specimen
2468 1870 2682 1944 nobis

711 1996 1075 2095 paulisper
1089 1995 1490 2069 Patelinum
1509 1993 1975 2087 causidicum,
1992 2011 2063 2068 et
2076 1995 2418 2069 callidum
2437 2010 2678 2096 pasto·

711 2124 811 2191 ris
835 2118 1160 2191 balatum
1191 2124 1266 2189 in
1305 2125 1728 2191 memoriam
1756 2143 2148 2192 revocasse.

804 2247 974 2314 Post
1007 2241 1194 2314 hanc
1221 2240 1760 2340 digressionem,
1788 2239 1881 2314 ad
1900 2241 2219 2314 Scrofam
2252 2258 2325 2315 et
2342 2245 2675 2342 Epirotas

708 2369 944 2438 Varro
976 2388 1377 2437 sermonem
1414 2369 1844 2436 transmittit.
1880 2368 1971 2435 Hi
2003 2364 2366 2461 quidquid
2400 2363 2493 2437 ad
2524 2387 2673 2437 rem

707 2495 1150 2589 pecuariam,
1174 2487 1479 2579 stabula,
1496 2493 1886 2588 pastiones,
1903 2492 2101 2560 varia
2114 2489 2531 2562 animalium
2558 2510 2674 2587 ge-

706 2635 881 2686 nera
913 2627 1184 2712 spectat
1219 2610 1705 2710 colloquendo
1744 2612 2111 2684 evolvunt.
2170 2617 2407 2707 Quam
2443 2612 2674 2685 boum

708 2750 782 2810 et
805 2740 1286 2834 juvencorum
1322 2741 1396 2808 in
1431 2742 1670 2837 primo
1693 2735 1883 2810 libro
1902 2761 2150 2827 curam
2168 2737 2450 2829 habuit,
2475 2761 2670 2810 eam-

651 2881 662 2894 ·
706 2859 874 2932 dem
893 2882 1245 2958 agnorum
1263 2857 1575 2931 ostendit
1589 2861 1841 2932 Varro.
1876 2859 2115 2949 Quam
2130 2857 2454 2955 jucunde
2476 2883 2674 2932 men·

707 2999 854 3057 tem
878 2983 1102 3056 afficit
1123 3038 1142 3075 ,
1178 3009 1412 3083 quum
1443 2989 1635 3056 inter
1685 2989 2102 3083 gravitatem
2142 2997 2668 3082 praeceptorum

709 3132 932 3208 agnos
973 3111 1266 3206 suscipit
1309 3122 1382 3180 et
1421 3105 1562 3178 fert
1596 3113 1671 3178 in
1702 3106 2006 3196 stabula,
2045 3133 2275 3208 prope
2308 3106 2399 3180 ad
2430 3111 2671 3207 ignem

710 3236 946 3332 ponit,
982 3246 1057 3303 et
1087 3228 1618 3329 diligentissime
1636 3227 1856 3321 fovet,
1876 3230 2053 3303 dum
2076 3256 2240 3330 grex
2273 3230 2365 3304 ad
2386 3246 2670 3330 pastum

709 3353 1044 3456 prod—eat,
1080 3383 1116 3420 α
1144 3378 1237 3426 ne
1270 3368 1494 3426 noctu
1535 3377 1578 3425 a
1618 3351 1968 3424 matribus
2012 3353 2523 3426 conculcentur
2540 3365 2596 3425 ².
2630 3385 2669 3421 »

711 3477 909 3571 Quid
967 3482 1280 3549 tenerius
1325 3491 1398 3548 et
1457 3491 1731 3548 naturae
1788 3481 2015 3574 magis
2075 3493 2667 3567 consentaneum,

710 3625 935 3698 quam
957 3599 1110 3671 haec
1130 3599 1268 3672 alia
1297 3614 1685 3699 praecepta:
1728 3629 1763 3666 α
1786 3603 1973 3672 Cum
2005 3598 2288 3698 depulsi
2316 3613 2481 3671 sunt
2503 3601 2671 3697 agni

709 3750 754 3798 a
769 3725 1150 3817 matribuS,
1183 3724 1553 3826 diligentia
1583 3723 1994 3800 adhibenda
2024 3739 2156 3817 est,
2189 3749 2279 3796 ne
2310 3721 2673 3796 desiderio

784 3942 834 3978 ι.
869 3929 1051 3993 Varro,
1071 3925 1136 3977 de
1153 3927 1222 3982 R.
1245 3929 1334 3987 R„
1358 3930 1429 3991 11,
1465 3945 1513 3978 x.

784 4029 839 4066 α.
1015 4011 1145 4068 mid.
1167 4051 1184 4076 ‚
1362 4019 1431 4078 11,
1456 4032 1485 4064 a
