3059 5084
1268 537 1344 552 ....
1387 505 1429 569 3
1470 536 1548 552 ...-

421 615 829 734 uarumque
875 659 1118 708 rerum
1153 642 1473 738 nomina,
1511 661 1796 737 genera,
1837 635 2105 729 officia,
2140 661 2391 712 causas

423 765 767 861 aperuisti
791 771 840 832 ¹.
877 791 911 828 a
960 763 1273 835 Maxima
1323 787 1488 861 pars
1537 776 1682 833 tam
1728 760 2121 833 multarum
2163 786 2391 861 opum

424 889 718 976 interiit,
750 876 836 957 ut
866 911 1096 986 pauca
1128 903 1390 987 praeter
1415 884 1838 986 fragmenta,
1877 886 2026 960 duo
2050 891 2391 960 Varronis

427 1033 650 1108 opera
686 1009 1190 1083 tantummodo
1223 1015 1623 1111 supersint3
1678 1013 2022 1081 nimirum
2084 1008 2253 1082 libri
2302 1009 2393 1083 de

427 1136 532 1203 Re
572 1135 865 1205 Rustica
889 1185 909 1224 ‚
966 1147 1038 1206 et
1081 1158 1245 1232 quae
1293 1146 1561 1205 restant
1610 1131 1967 1204 librorum
1994 1130 2084 1203 de
2119 1137 2397 1232 Lingua

425 1257 700 1328 Latina.
733 1254 874 1326 Sed
906 1254 1089 1354 quid
1122 1281 1207 1328 ex
1237 1258 1324 1326 iis
1355 1253 1772 1353 fragmentis
1803 1253 1893 1327 de
1938 1259 2227 1355 ingenio
2262 1258 2395 1327 viri

427 1379 782 1474 conjicere
835 1377 1040 1469 licet,
1097 1403 1260 1476 quae
1313 1377 1496 1452 adeo
1542 1393 1797 1451 trunca
1842 1393 1915 1450 et
1964 1391 2073 1450 tot
2120 1377 2397 1454 lacunis
2485 1434 2489 1439 ,

428 1500 702 1575 hiantia
721 1501 1073 1574 habemus
1099 1555 1118 1592 ‚
1150 1517 1234 1573 ut
1263 1527 1456 1574 unus
1485 1529 1572 1573 ex
1601 1500 2151 1574 annotatoribus
2180 1500 2400 1574 adfir-

431 1641 622 1697 met:
653 1657 688 1692 «
723 1625 1135 1698 Natalitium
1168 1623 1368 1698 sidus
1399 1649 1614 1725 grave
1642 1623 1856 1697 fuisse
1888 1624 2003 1697 his
2037 1623 2243 1697 libris
2266 1635 2320 1695 ².
2357 1657 2392 1692 n

427 1748 690 1820 Melius
742 1754 887 1847 egit
917 1745 1206 1820 fortuna
1247 1773 1416 1820 cum
1446 1747 1648 1820 libris
1680 1746 1773 1819 de
1813 1753 1917 1820 Re
1949 1751 2240 1820 Rustica
2268 1752 2398 1846 qui

424 1877 527 1945 ita
563 1899 710 1945 non
737 1877 999 1971 integri
1034 1871 1124 1944 ad
1157 1897 1292 1945 nos
1324 1897 1714 1972 pervenere
1738 1926 1757 1963 ‚
1794 1887 1915 1964 ut,
1951 1897 2099 1945 non
2132 1877 2398 1945 Varro-

427 2019 592 2067 nem
626 1995 956 2093 quidem,
995 1994 1118 2067 sed
1145 2000 1491 2069 Varronis
1523 1994 1889 2096 praebeant
1928 2009 2397 2095 conspectum

426 2114 744 2215 aliquem
772 2171 791 2208 ,
829 2133 902 2190 et
949 2116 1315 2218 peculiare
1349 2117 1715 2190 scribendi
1749 2142 1974 2216 genus
2012 2116 2228 2190 nobis
2272 2141 2399 2216 ap·

427 2237 762 2336 probent.

528 2365 714 2432 Cum
758 2375 1003 2434 autem
1035 2376 1144 2436 tot
1174 2378 1247 2436 et
1287 2377 1438 2436 tam
1471 2361 1737 2435 eruditi
1768 2367 1900 2435 viri
1932 2361 2398 2434 incubuerint

429 2479 544 2556 his
568 2483 662 2556 de
686 2490 792 2557 Re
825 2488 1117 2558 Rustica
1146 2485 1378 2577 libris,
1415 2511 1565 2559 non
1597 2501 1876 2558 tantum
1898 2490 2395 2559 Romanorum

428 2608 913 2705 agriculturae,
956 2606 1083 2680 sed
1119 2622 1192 2680 et
1223 2609 1586 2702 moribus,
1634 2615 1980 2683 institutis
2011 2625 2083 2682 et
2115 2609 2398 2682 domes-

431 2737 586 2802 ticae
620 2730 1008 2832 disciplinae
1040 2730 1272 2805 facem
1301 2731 1877 2824 admoventibus,
1908 2729 2221 2806 fatemur
2260 2758 2395 2808 nos

431 2880 579 2926 non
603 2853 1094 2954 sine-quadam
1127 2854 1603 2929 admiratione
1632 2861 1821 2929 inter
1833 2856 2020 2930 hanc
2034 2881 2398 2930 commen·
2446 2859 2449 2862 ’

427 2982 781 3062 tariomm
811 2985 1230 3052 varietatem
1267 2984 1625 3052 incassum
1671 2986 2074 3081 quaesivisse
2112 2980 2225 3053 vel
2258 2984 2394 3053 mi-

430 3110 700 3178 nimam
749 3109 1176 3180 sententiam
1225 3105 1315 3179 de
1359 3110 1706 3180 Varronis
1758 3112 2047 3207 ingenio
2066 3161 2087 3200 ,
2137 3124 2263 3182 aut
2304 3107 2399 3180 de

432 3234 730 3329 propria
764 3230 922 3326 ejus
953 3235 1145 3302 circa
1173 3228 1441 3328 stylum
1465 3234 1767 3304 ratione.
1806 3235 2071 3303 Omnes
2096 3229 2187 3304 de
2208 3256 2402 3332 agra·

434 3345 787 3446 rio,‘.nulli
821 3379 998 3427 vero
1040 3353 1130 3427 de
1179 3352 1491 3427 litterato
1522 3358 1851 3428 Varrone
1898 3353 2277 3445 dixerunt3
2330 3367 2401 3426 et

434 3479 939 3578 probabimus,
961 3483 1097 3552 nisi
1107 3494 1278 3579 'spes
1301 3474 1510 3572 fallit,
1537 3483 1610 3552 in
1629 3477 1860 3552 libros
1876 3479 1967 3553 de
1990 3486 2093 3554 Re
2110 3485 2402 3552 Rustica

436 3603 704 3678 litteras
729 3608 985 3707 saepius
1007 3610 1399 3706 irrepsisse.
1568 3609 1571 3612 ’

534 3733 854 3824 Quaestio
899 3735 1120 3830 igitur
1169 3729 1295 3804 illa
1340 3728 1697 3804 levissima
1750 3727 1990 3802 forsan
2010 3781 2031 3820 ‚
2084 3727 2209 3802 sed
2255 3754 2402 3802 non

518 3949 566 3986 x.
605 3929 847 3987 Academ.
879 3935 949 3998 n,
974 3931 1063 3984 lib.
1085 3949 1132 3999 1,
1157 3934 1211 3986 3.

513 4036 566 4072 α.
602 4024 643 4072 Ε
667 4021 850 4090 profat.
874 4024 933 4074 C.
958 4024 1022 4073 Ο.
1043 4018 1271 4073 Muelleri
1289 4055 1306 4082 ,
1347 4023 1422 4071 M.
1449 4024 1512 4070 Τ.
1542 4023 1691 4073 Varr.
1722 4022 1785 4074 de
1810 4027 1866 4076 1..
1893 4025 1948 4073 1..
1977 4038 2086 4088 que
2120 4037 2304 4090 supera.
